2215 3052
275 1610 303 1630 cf.
311 1610 390 1628 Manli.

302 1637 321 1660 5,
332 1637 362 1655 111.

416 120 477 150 776
854 122 905 149 57.
942 122 1158 149 CONCILIUM
1184 121 1462 149 CARISIACENSE
1487 122 1522 148 A.
1545 121 1618 148 838.

414 230 485 255 quae
511 221 537 246 in
562 220 771 245 multitudinem
802 220 886 245 latius
916 221 1090 246 incremento
1119 220 1302 246 fecunditatis
1328 220 1498 252 extenditur,
1531 220 1668 254 quomodo
1699 220 1764 246 solis
1793 220 1873 246 multi
1902 220 1982 252 radii,
2008 220 2058 246 sed

413 275 506 299 lumen
531 282 626 305 unum⁷
652 276 680 299 et
705 273 774 299 rami
798 273 903 299 arboris
928 273 1018 305 multi,
1043 274 1093 299 sed
1118 273 1201 299 robur
1225 282 1309 298 unum
1333 273 1426 299 tenaci
1451 273 1569 299 caritate
1593 272 1752 299 fundatum.
1789 273 1826 299 Et
1843 282 1904 299 cuin
1921 273 1956 299 de
1981 273 2058 299 fonte

412 336 477 353 11110,
491 327 539 352 rivi
565 326 675 360 plurimi
700 326 836 355 defluunt,
861 327 1044 352 munerositas
1076 326 1141 352 licet
1173 326 1273 352 diffusa
1305 326 1435 352 videatur
1466 326 1632 352 exundantis
1664 326 1760 360 copiae
1791 326 1935 361 largitate,
1966 326 2058 352 unitas

412 384 507 406 tamen
532 384 659 405 servatur
683 379 710 404 in
734 379 852 414 origine.
889 379 990 405 Avelle
1015 380 1122 405 radium
1147 379 1212 405 solis
1236 388 1252 404 a
1277 388 1403 413 corpore,
1429 379 1592 405 divisionem
1616 379 1685 405 lucis
1709 379 1801 405 unitas
1825 388 1881 405 non
1905 379 1997 413 capitg
2024 379 2058 405 ab

412 433 511 459 arbore
537 432 636 467 frange
661 441 776 464 ramum,
808 432 916 458 fructus
941 433 1097 467 germinare
1122 441 1177 458 non
1201 436 1312 466 potest3
1345 441 1362 458 a
1384 433 1463 458 fonte
1488 432 1620 466 praecide
1649 432 1748 464 rivum,
1780 432 1922 466 praecisus
1945 432 2059 458 arescit.
2078 441 2090 459 5

413 486 457 512 Sic
483 486 604 512 ecclesia
628 486 737 511 Domini
762 485 825 511 luce
850 485 965 520 perfusa
988 494 1041 520 per
1064 486 1160 511 orbem
1184 489 1274 511 totum
1298 486 1389 511 radios
1414 494 1477 511 suos
1500 485 1627 520 porrigit,
1659 494 1744 511 unum
1769 488 1862 511 tamen
1885 485 1980 511 lumen
2005 489 2057 516 est,

412 540 489 573 quod
513 539 617 573 ubique
643 538 819 569 diffunditur,
851 548 902 565 nec
934 539 1028 565 unitas
1053 539 1174 573 corporis
1199 544 1357 573 separatur.
1405 538 1507 564 Ramos
1531 547 1595 564 suos
1619 538 1647 563 in
1671 538 1828 564 universam
1852 542 1955 564 terram
1980 539 2060 572 copia

412 593 551 618 ubertatis
577 592 716 623 extendit,
746 592 920 626 profluentes
945 592 1061 626 largiter
1084 592 1156 617 rivos
1180 592 1265 617 latius
1289 592 1396 626 pandit,
1429 600 1513 617 unum
1538 595 1632 617 tamen
1657 595 1740 625 caput
1765 594 1818 622 cst,
1851 594 1880 617 et
1904 591 1980 625 origo
2005 600 2060 616 una

413 649 441 671 et
466 654 521 671 una
545 649 635 671 mater
658 645 842 671 fecunditatis
866 645 1044 671 successibus
1069 645 1191 679 copiosa.
1233 644 1313 670 Illius
1337 644 1398 670 fetu
1422 645 1570 673 nascimur,
1596 644 1668 670 illius
1693 644 1767 670 lacte
1792 644 1938 674 nutrimur,
1963 644 2059 678 spiritu

413 699 471 725 cius
495 699 655 725 animamur.
2082 708 2105 726 10

518 747 592 778 Non
616 758 673 788 pro
698 746 777 777 locis
802 758 863 785 res,
893 746 951 777 sed
974 758 1032 788 pro
1058 746 1150 777 bonis
1175 746 1272 777 rebus
1296 746 1368 776 loca
1392 744 1529 776 amanda
1555 756 1596 775 ex
1622 745 1756 786 epistola
1781 746 1884 776 sancti
1910 744 2060 787 Gregorii

411 799 452 831 ad
483 800 702 841 Augustinum
734 800 922 842 episcopum
952 799 1133 841 Angloriun
1168 800 1304 841 scripta:
1337 802 1443 830 Novitl
1473 803 1637 830 fraternitas
1669 806 1717 829 tua
1747 803 1889 829 Romanae
1922 803 2059 830 eeclesiae

411 858 654 890 consuetudinem,
686 858 713 883 in
746 867 800 892 qua
831 867 859 883 se
892 858 1017 884 meminit
1048 858 1191 883 nutritam.
1244 856 1301 883 Sed
1332 857 1397 882 mihi
1428 857 1533 891 placet.
1566 860 1607 887 ut,
1639 856 1698 882 sive
1730 857 1758 882 in
1789 856 1913 882 Romana
1943 857 2000 883 sive
2032 857 2059 882 in

412 911 567 938 Galliarum
591 911 648 937 sive
678 911 705 936 in
730 911 858 945 qualibet
884 912 1005 937 ecclesia
1029 911 1136 944 aliquid
1160 910 1302 938 invenisti,
1336 910 1411 944 quod
1437 909 1500 944 plus
1524 909 1711 943 omnipotenti
1735 910 1797 935 Deo
1821 910 1910 944 possit
1933 910 2059 944 placere,

411 965 530 991 sollicito
556 964 629 999 elige
656 968 684 991 ct
709 965 736 990 in
760 964 914 999 Anglorum
941 964 1071 995 ccclesia,
1104 973 1175 998 quae
1208 963 1298 989 adhue
1330 963 1365 989 ad
1396 962 1481 989 iidem
1505 971 1578 989 nova
1610 966 1663 994 051,
1694 963 1868 989 institutione
1896 963 2058 997 praecipua,
2082 973 2105 992 15

411 1027 493 1052 quam
518 1018 553 1044 de
578 1018 672 1043 multis
698 1017 824 1044 ecclesiis
850 1017 982 1052 colligere
1008 1017 1135 1051 potuisti,
1161 1016 1296 1042 infunde:
1321 1025 1377 1042 11011
1402 1017 1475 1042 enim
1499 1025 1549 1050 pro
1574 1016 1640 1042 locis
1664 1025 1720 1047 resi,
1745 1016 1797 1042 sed
1813 1025 1862 1050 pro
1880 1016 1959 1042 bonis
1975 1016 2059 1042 rebus

410 1072 470 1097 loca
496 1072 613 1097 amanda
637 1075 712 1096 sunt.
760 1071 801 1096 Ex
832 1071 948 1105 singulis
980 1079 1046 1105 ergo
1078 1070 1238 1104 quibusque
1271 1070 1398 1096 ecclesiis
1429 1078 1501 1103 quae
1526 1069 1583 1104 pia,
1615 1078 1687 1103 quae
1712 1069 1852 1104 religiosa⁷
1886 1078 1957 1104 quae
1982 1073 2060 1096 recta

410 1128 475 1150 sunt
500 1125 573 1158 elige
599 1128 627 1150 et
652 1124 721 1150 haec
747 1124 827 1158 quasi
851 1124 878 1149 in
902 1124 1063 1149 fasciculum
1088 1123 1208 1149 collecta
1232 1123 1307 1157 apud
1331 1123 1485 1158 Anglorum
1509 1126 1618 1149 mentes
1636 1123 1663 1148 in
1680 1123 1912 1149 consuetudinem
1937 1124 2058 1158 depone.

517 1173 555 1203 In
591 1172 735 1203 vestibus
772 1178 803 1203 et
839 1172 927 1203 cultu
963 1172 1183 1202 ecclesiastico
1220 1183 1284 1202 non
1315 1172 1573 1213 superstitiosum
1606 1171 1795 1213 mysterium
1826 1171 1982 1213 praeferri
2018 1183 2059 1202 ex

411 1226 548 1268 epistola
585 1226 687 1256 sancti
720 1224 875 1256 Celestini
910 1236 1014 1267 papae
1051 1225 1093 1255 ad
1129 1225 1299 1266 episcopos
1332 1224 1511 1255 Galliarum
1548 1225 1685 1266 scripta:
1718 1228 1896 1255 Didieimus‘2
1926 1231 2059 1264 quosdam
2081 1239 2107 1258 20

410 1285 520 1311 Domini
545 1285 708 1310 sacerdotes
733 1284 928 1318 superstitioso
953 1284 1045 1318 potius
1070 1284 1156 1309 cultui
1182 1284 1316 1309 inservire
1349 1292 1431 1317 quam
1455 1283 1556 1309 mentis
1580 1283 1626 1309 vel
1650 1282 1717 1309 fidei
1741 1283 1868 1317 puritati.
1916 1278 1959 1309 Et
1989 1284 2060 1320 post

409 1345 530 1376 pauca:
556 1334 683 1363 Amictiss
706 1337 791 1371 pallio
817 1340 846 1363 et
870 1337 979 1363 lumbos
1004 1337 1159 1371 praecincti
1184 1337 1303 1362 credunt
1324 1345 1353 1362 sc
1377 1340 1491 1362 sanctae
1509 1336 1665 1370 scripturae
1682 1335 1767 1362 fidem
1784 1345 1839 1362 non
1855 1345 1906 1370 per
1922 1336 2059 1370 spiritum,

411 1392 461 1418 sed
486 1400 537 1425 per
561 1391 684 1416 litteram
709 1390 905 1424 completuros.
954 1390 1024 1416 Nam
1055 1390 1077 1416 si
1109 1390 1143 1416 ad
1175 1390 1226 1416 hoc
1251 1390 1304 1416 ista
1327 1394 1484 1424 praecepta
1508 1394 1582 1421 511111,
1608 1393 1639 1415 nt
1665 1389 1760 1416 taliter
1791 1393 1980 1422 servarentur,
2013 1398 2062 1415 cur

410 1454 466 1471 non
490 1444 559 1470 fiunt
584 1444 691 1478 pariter
716 1452 787 1478 quae
813 1447 981 1477 sequuntur‚
1013 1448 1043 1469 ut
1068 1443 1200 1469 lucernae
1226 1443 1360 1469 ardentes
1390 1452 1446 1468 una
1474 1451 1536 1468 cum
1560 1443 1660 1468 baculo
1685 1443 1711 1468 in
1736 1443 1862 1469 manibus
1887 1443 2060 1469 teneantur?

411 1499 529 1524 Habent
553 1506 631 1523 51111111
655 1497 819 1531 mysterium
844 1500 873 1523 ct
899 1497 1123 1531 intelligentibus
1148 1497 1187 1522 ita
1211 1496 1287 1522 clara
1310 1500 1385 1528 sunt,
1415 1500 1446 1521 ut
1472 1505 1505 1522 ea
1529 1496 1616 1530 magis
1642 1505 1724 1530 quam
1749 1496 1833 1522 decet
1857 1495 2059 1530 significatione
2081 1506 2106 1524 25

411 1555 568 1578 serventur.
604 1551 674 1576 Nam
692 1551 719 1576 in
736 1550 891 1576 lumborum
909 1550 1099 1584 precinctione
1117 1550 1241 1581 castitas,
1267 1550 1294 1575 in
1319 1549 1419 1575 baculo
1443 1549 1568 1584 regimen
1592 1549 1744 1583 pastorale,
1770 1549 1797 1574 in
1820 1549 1942 1575 lucernis
1958 1549 2060 1575 arden-

411 1605 486 1631 tibus
511 1604 577 1630 boni
601 1604 694 1638 fulgor
726 1604 828 1637 operis,
862 1604 896 1629 de
929 1612 984 1637 quo
1016 1603 1116 1629 dicitur
1139 1603 1194 1629 sic:
1230 1602 1325 1639 Opera
1358 1607 1449 1630 restra
1480 1603 1599 1635 luceant,
1630 1602 1779 1628 indicatur.
1826 1602 1942 1629 Habent
1966 1606 2061 1629 tamen

410 1658 494 1684 istum
518 1657 636 1683 forsitan
661 1657 777 1687 cultum,
802 1666 905 1682 morem
930 1657 1022 1690 potius
1047 1665 1128 1690 quam
1154 1656 1289 1682 rationem
1314 1660 1480 1690 sequentes,
1506 1656 1554 1690 qui
1570 1656 1763 1682 remotioribus
1787 1656 1915 1682 habitant
1940 1656 2007 1681 locis
2032 1660 2064 1682 et

411 1711 509 1746 procul
532 1720 549 1737 a
573 1711 675 1736 ceteris
700 1711 818 1744 degunt.
867 1709 949 1736 Unde
976 1710 1018 1735 1110
1043 1710 1152 1735 habitus
1180 1710 1207 1735 in
1233 1709 1342 1736 eclesiis
1368 1709 1530 1741 Gallicanis,
1563 1713 1593 1735 ut
1625 1713 1667 1735 tot
1699 1718 1832 1735 annorum
1864 1713 2060 1743 tantorumque

411 1764 574 1799 pontificum
598 1764 626 1789 in
650 1764 770 1789 alterum
794 1763 921 1789 habitum
946 1763 1119 1789 consuetudo
1144 1767 1281 1788 versatur.
1318 1763 1505 1789 Discernendi
1530 1772 1547 1789 11.
1570 1763 1655 1796 plebc
1680 1762 1727 1788 vel
1750 1763 1854 1789 ceteris
1878 1772 1970 1788 sumus
1995 1763 2060 1789 doc·
2082 1772 2107 1790 ³0

412 1818 494 1845 trina.
526 1827 580 1842 non
607 1821 696 1846 veste,
731 1817 955 1848 conversatione,
988 1826 1041 1842 non
1074 1817 1182 1844 1111111111,
1214 1817 1316 1842 mentis
1348 1817 1482 1850 puritate,
1516 1825 1570 1842 non
1602 1815 1689 1842 cultu.
1737 1816 1808 1842 Nam
1833 1816 1854 1842 si
1879 1817 1994 1842 studere
2019 1816 2059 1841 in-

412 1872 546 1905 cipiamus
578 1871 706 1901 novitati7
739 1870 873 1896 traditum
902 1870 981 1896 1101115
1006 1879 1021 1895 11
1046 1870 1172 1904 patribus
1205 1870 1329 1895 ordinem
1363 1869 1540 1901 calcabimus,
1572 1873 1601 1895 111
1631 1869 1721 1895 locum
1752 1869 1934 1903 supervacuis
1963 1878 2059 1903 snper-

412 1925 571 1950 stitionibus
595 1924 738 1950 faciamus.
776 1924 872 1949 Rudes
898 1932 964 1957 crgo
989 1923 1112 1949 fidelium
1137 1927 1247 1949 mentes
1273 1924 1307 1949 ad
1331 1923 1400 1949 talia
1423 1932 1477 1948 non
1495 1923 1632 1949 debemus
1648 1923 1794 1949 inducere.
1834 1923 1963 1949 Docendi
1988 1922 2061 1949 enim

412 1982 476 2004 sunt
502 1978 595 2012 potius
620 1986 702 2011 (11111111
727 1977 853 2003 ludendi.
886 1986 938 2002 nec
964 1977 1162 2010 imponendum
1195 1980 1237 2002 est
1271 1985 1365 2002 eorum
1397 1977 1493 2007 oeulis,
1525 1977 1575 2002 sed
1607 1977 1749 2002 mentibus
1780 1976 1955 2002 infundenda
1979 1985 2060 2010 prae-

400 2036 497 2067 0011111
520 2034 593 2056 sunt.
2082 2033 2106 2052 35

520 2079 600 2109 Item
634 2079 735 2109 sancti
761 2078 942 2109 Hieronimi
975 2078 1013 2108 de
1046 2078 1183 2120 simplici
1216 2079 1433 2109 ministrorum
1465 2084 1497 2108 et
1527 2077 1729 2108 sacerdotum
1761 2083 1874 2108 ornatu
1906 2089 1947 2107 ex
1970 2076 2060 2108 libris

414 2133 615 2174 dialogorum
639 2132 740 2162 Attici
769 2138 800 2162 et
825 2130 1036 2162 Christoboli:
1069 2134 1224 2171 Adiungis4
1247 2136 1362 2171 gloriam
1387 2136 1502 2162 vestium
1526 2140 1553 2161 et
1576 2140 1795 2161 ornamentorum
1823 2136 1883 2161 Deo
1915 2144 1974 2161 esse
1998 2144 2060 2161 con-

413 2191 532 2216 trarium.
580 2190 658 2221 Quae
682 2194 752 2221 sunt,
776 2199 852 2224 rogo,
876 2190 1033 2215 inimicitiae
1058 2194 1151 2215 contra
1175 2190 1276 2218 Deum,
1307 2190 1327 2215 si
1356 2190 1473 2215 tunicam
1496 2189 1617 2215 habuero
1641 2189 1818 2217 mundiorem,
1841 2189 1863 2214 si
1887 2189 2015 2222 episcopi.
2039 2189 2059 2214 si

413 2244 575 2278 presbytcri,
606 2245 627 2269 si
652 2243 759 2269 diaconi
788 2246 815 2269 et
845 2243 966 2277 reliquus
997 2244 1062 2268 01-‹10
1094 2243 1294 2269 ecclesiasticus
1321 2243 1348 2268 in
1372 2242 1604 2268 administratione
1629 2241 1821 2268 sacrificiormn
1846 2242 1962 2267 candida
1985 2245 2059 2268 veste

413 2297 595 2331 processerit?
643 2297 757 2326 Cavete,
785 2297 887 2324 clerici,
917 2300 1023 2323 cavete.
1054 2296 1189 2325 monachi,
1219 2296 1316 2322 viduae
1350 2300 1376 2321 ct
1400 2296 1532 2329 virgines:
1564 2295 1764 2329 periclitamini,
1794 2295 1843 2321 nisi
1867 2295 1989 2321 sordidas
2013 2304 2060 2321 vos
2079 2301 2105 2320 40

413 2355 497 2384 atque
529 2359 665 2384 pannosas
697 2351 794 2384 vulgus
824 2350 969 2383 aspexerit.
1017 2350 1110 2375 Taceo
1135 2350 1168 2375 ‹lc
1193 2349 1346 2375 hominibus
1370 2349 1482 2382 saeculi7
1513 2349 1610 2383 quibus
1640 2352 1736 2382 aperte
1760 2348 1862 2374 belliun
1886 2348 2011 2374 indicitiu·
2034 2352 2060 2374 et

414 2404 568 2429 inimicitiae
593 2408 686 2429 00111111
711 2404 810 2433 Deum,
834 2403 854 2428 si
878 2403 1003 2436 pretiosis
1027 2407 1111 2437 atquc
1136 2403 1283 2428 nitentibus
1306 2406 1417 2428 utuntur
1441 2402 1552 2428 exuviis.

523 2500 553 2522 12
574 2499 679 2522 XVIII.
701 2499 783 2522 Novit
800 2498 855 2521 edd.
914 2499 945 2521 13
960 2499 1089 2522 nutritum
1104 2498 1133 2521 P.
1149 2497 1184 2521 JI.
1241 2499 1274 2521 20
1288 2497 1361 2521 XIX.
1375 2497 1526 2520 Didicimus
1540 2496 1596 2520 edd.
1652 2498 1682 2520 21
1698 2497 1816 2528 puritate
1832 2496 1860 2521 P.
1917 2498 1950 2520 25
1965 2504 2017 2532 qua
2031 2496 2059 2521 P.

416 2543 447 2565 36
468 2543 627 2574 Hieronymi
650 2543 684 2566 λἸΙ.
758 2543 790 2567 37
810 2542 868 2566 XX.
889 2543 1020 2573 Adiungis
1041 2541 1095 2566 rdsl.

526 2633 552 2658 'll
569 2632 724 2669 Gregsorizts
743 2632 795 2661 M„
815 2632 944 2668 Epistola
962 2633 1003 2659 ad
1013 2632 1210 2669 Αηφιείῐηιιηη
1230 2631 1302 2659 MG.
1319 2632 1395 2668 ΕΝ).
1410 2631 1449 2664 II,
1465 2633 1523 2660 334
1537 2629 1687 2667 (Jafi‘e2E.
1706 2641 1733 2658 η.
1749 2628 1849 2667 1843).
1921 2631 1950 2664 ⁴2)
1970 2630 2061 2659 Coele·
2079 2640 2104 2658 45

415 2685 511 2717 stirmis,
538 2685 667 2721 Epistola
692 2686 732 2712 ad
755 2685 896 2722 episcopos
916 2685 1082 2722 provinciae
1105 2685 1268 2712 Viennensis
1292 2695 1314 2712 c.
1332 2687 1369 2718 „95
1403 2684 1544 2718 Constant,
1578 2683 1655 2721 Epp.
1682 2684 1803 2711 Roman.
1823 2688 1914 2721 pontt.
1940 2684 1963 2718 I,
1982 2686 2062 2713 1066·

417 2735 570 2772 (Jqffessls.
603 2748 629 2764 n.
658 2736 736 2774 5563).
853 2739 881 2765 3}
908 2738 1024 2765 Ibidem.
1139 2739 1169 2770 4)
1196 2738 1393 2773 Hieronymus,
1419 2737 1558 2774 Dialoffus
1589 2741 1687 2765 contra
1716 2737 1888 2774 Pelagianos
1911 2737 1931 2764 I
1957 2747 1978 2764 c.
2003 2739 2060 2770 29;

418 2790 491 2827 Opp.
509 2791 548 2823 II,
568 2793 633 2819 713.
