2215 3052
178 856 204 879 es.
213 858 267 878 G-en.
276 858 294 881 3,
302 858 333 877 24.

178 1230 336 1250 entim-,nea

185 1283 269 1303 ⁸2.Petr.
279 1282 337 1304 2,·21,

240 1390 268 1407 ib.
278 1389 335 1411 2232,

360 115 422 145 616
827 117 877 143 50.
914 117 1131 145 CONCILIUM
1155 118 1379 144 PARISIENSE
1405 119 1440 144 A.
1463 118 1535 145 829.

358 210 429 241 Deo
456 211 486 240 in
511 209 703 251 baptismate
729 209 864 240 duarum
896 211 1081 251 pactionum
1112 210 1250 240 nexibus
1283 222 1316 241 se
1349 210 1503 252 obligare,
1535 210 1645 247 altera,
1678 222 1742 253 qua
1773 211 1999 243 abrenuntiare

358 262 486 294 diabolo
513 268 543 293 et
569 261 715 293 omnibus
741 261 892 304 operibus
919 263 986 293 eius
1019 269 1050 293 et
1081 262 1228 294 omnibus
1264 264 1390 305 pompis
1427 264 1505 302 eius,
1543 264 1643 295 altera
1678 275 1764 303 vero,
1801 276 1863 306 qua
1900 276 1933 295 se
1969 266 2001 295 in

357 322 481 357 patrem
506 322 537 345 et
568 315 667 345 tilium
701 321 732 346 et
756 315 911 356 Spiritum
943 321 1089 346 sanetum
1125 316 1257 347 credere
1294 316 1471 358 profitetur,
1507 317 1593 348 unde
1630 318 1726 348 etiam
1762 317 1820 348 sub
1857 317 2001 349 eiusdem

357 360 486 399 sanctae
512 369 662 399 trinitatis
686 369 891 399 invocatione
917 368 1120 410 baptismatis
1145 370 1280 410 gratiam
1307 371 1522 411 consequitur.
1571 369 1653 401 Cum
1686 381 1761 412 ergo
1793 376 1864 412 post
1895 371 2001 401 huius—

357 421 482 452 cemodi
515 421 829 452 abrenuntiationem
861 421 1057 463 quibuslibet
1088 422 1260 453 inlecebris
1292 424 1441 454 vitiorum
1474 423 1610 454 inlectus
1642 423 1682 454 ad
1715 434 1769 462 ea,
1807 423 1922 464 quibus
1954 435 2001 454 re-

356 475 524 511 nuntiavit,
550 474 634 505 redit
658 486 783 505 necnon
809 480 839 505 et
864 480 936 516 post
959 480 1066 506 tantae
1091 475 1166 506 fidei
1190 477 1431 517 perceptionem
1457 476 1489 506 111
1515 477 1709 517 apostasiam
1734 481 1789 506 aut
1805 476 2001 506 infidelitatis

356 533 410 558 aut
434 527 576 558 heretice
602 528 770 569 pravitatis
796 533 851 558 aut
876 528 1010 559 fraterni
1035 529 1215 559 schismatis
1241 528 1429 570 prolabitur,
1455 528 1566 570 procul
1600 528 1697 559 dubio
1729 529 1895 570 utriusque
1927 540 2001 571 pac-

355 581 450 610 tionis
476 586 695 622 transgressor
719 580 866 611 efficitur.
916 581 1060 620 Quarum
1093 581 1203 619 altera,
1236 582 1311 622 quia
1341 581 1493 622 baptismi
1530 582 1699 612 iteratione
1734 583 1855 623 nequit,
1892 583 2001 623 paeni-

355 634 473 663 tentiae
499 633 658 673 lamentis,
684 633 943 676 elelllnjtsynarum
969 633 1191 675 largitionibus
1217 634 1396 675 ceterisque
1421 633 1579 665 bonorum
1597 646 1730 676 operum
1748 634 2001 666 exhibitionibus

356 686 435 716 dilui
459 691 573 728 potest.
621 686 733 717 Altera
757 698 844 718 vero.
871 698 953 728 quae
978 687 1164 728 praedictae
1191 687 1391 728 c‹;›ntagionis
1416 686 1507 728 lepra
1538 687 1772 718 commaculata
1802 688 1908 725 fuerit,
1939 689 2001 719 nisi

356 739 415 770 hac
440 740 578 781 primum
603 751 660 781 per
685 739 803 770 Christi
830 741 969 770 caruerit
993 741 1129 781 gratiam
1155 746 1185 770 et
1209 739 1251 770 ad
1274 740 1430 770 unitatem
1455 740 1613 770 ecclesiae
1638 740 1779 779 redierit,
1804 741 1953 771 mundari
1971 747 2002 772 et

355 793 488 834 pristine
513 792 589 823 fidei
614 792 752 823 colorem
778 793 988 834 sanitatisque
1013 793 1159 833 vig-orem
1184 803 1375 834 recuperare
1407 804 1470 823 non
1501 793 1628 834 poterit.
1688 793 1774 832 Quia
1805 805 1881 835 ergo
1912 793 2000 825 flam-

355 857 444 876 meus
470 845 521 876 ille
547 845 683 887 gladius,
710 846 764 887 qui
789 851 920 886 propter
937 852 1105 887 peccatum
1125 846 1218 887 primi
1236 845 1373 876 hominis
1394 846 1524 876 ianuam
1541 846 1683 888 paradisi
1701 846 1793 877 obice
1811 846 1999 877 mortalibus

355 898 511 929 immobili
537 898 725 940 ‹11pilavei·at,
752 899 783 928 in
809 904 1014 929 sacrosancto
1039 898 1241 940 baptismatis
1267 899 1353 929 fonte
1380 899 1580 940 extinguitur
1605 905 1635 929 et
1661 899 1773 930 eadem
1805 900 1901 931 ianua
1933 912 1999 931 cre-

355 951 504 982 dentibus
530 952 681 993 aperitur,
708 951 855 981 omnibus
880 951 1028 982 fidelibus
1054 952 1246 982 studendum
1272 958 1328 985 est,
1363 957 1397 982 ut
1427 952 1586 993 pactionis
1619 957 1650 982 et
1680 953 1871 994 sponsionis,
1904 965 2000 995 quam

355 1016 426 1035 011111
452 1005 522 1035 Deo
548 1006 579 1034 in
604 1004 796 1046 baptismate
821 1004 977 1044 fecerunt,
1004 1016 1131 1046 semper
1155 1016 1313 1035 memores
1339 1005 1479 1035 existant
1503 1010 1713 1047 caveantque,
1739 1016 1778 1035 nc
1805 1005 2001 1047 quibuslibet

354 1058 504 1088 vitiorum
530 1057 678 1088 sordibus
704 1069 736 1087 se
766 1057 965 1088 maculantes
997 1070 1060 1088 non
1093 1058 1193 1088 solum
1226 1058 1363 1088 eundem
1396 1058 1457 1088 sibi
1488 1058 1708 1089 reaccendant
1738 1059 1856 1099 ignem,
1888 1070 2000 1090 verum

355 1112 449 1141 etiam
474 1110 662 1141 inmundum
683 1111 830 1152 spiritum
855 1122 873 1141 a
899 1122 931 1141 se
949 1117 1092 1152 tempore
1110 1110 1312 1153 baptismatis
1330 1111 1499 1152 expulsum
1517 1122 1589 1142 011111
1607 1112 1789 1153 septenario
1808 1112 2001 1143 daemonum

355 1175 487 1194 numero
513 1163 574 1193 sibi
599 1164 707 1194 addito
733 1164 831 1194 adse
864 1164 1090 1205 quoquomodo
1122 1164 1227 1195 redire
1263 1164 1383 1194 faciant
1418 1165 1561 1206 fiantque
1593 1164 1664 1197 illis.
1697 1171 1730 1195 ut
1755 1165 1914 1196 Dominus
1946 1166 1999 1202 ait,

355 1218 529 1247 novissima
560 1218 671 1259 peiora
702 1217 872 1258 prioribus,
910 1223 941 1248 et
972 1217 1142 1259 impleatur
1173 1218 1205 1247 in
1242 1218 1286 1247 eis
1323 1217 1409 1258 quod
1444 1217 1557 1248 beatus
1588 1217 1704 1248 Petrus
1740 1218 1902 1260 apostolus
1939 1219 1998 1249 ait:
2020 1230 2030 1247 ε

356 1270 471 1301 „Uelius
496 1272 575 1301 enim
606 1278 672 1301 erat
705 1271 771 1301 [llis
803 1284 859 1301 non
894 1283 1072 1313 roynoscwr
1106 1272 1185 1301 re'am
1222 1272 1357 1301 e'nstz'tz'ae
1390 1283 1482 1312 quam
1507 1279 1582 1312 post
1612 1273 1800 1312 αψιῖίίοηθιη.
1833 1279 1998 1303 retrorsum

355 1325 493 1354 com-ern·
515 1325 553 1354 ab
579 1336 622 1362 eo,
648 1324 732 1364 qnod
755 1324 902 1354 trmlae'tum
930 1332 972 1354 est
996 1325 1064 1354 [llis
1088 1331 1192 1354 saneto
1219 1324 1374 1356 mandati».
1400 1329 1592 1365 apteturque
1619 1324 1664 1354 eis
1689 1323 1776 1358 illud,
1806 1324 1891 1366 quod
1923 1324 2000 1355 alibi

354 1376 414 1406 ait:
445 1377 541 1407 (sanis
566 1389 706 1407 rewers-ns
730 1377 774 1407 m]
799 1378 940 1408 route'tmm
967 1390 1053 1407 sunm
1081 1385 1107 1405 m*
1130 1390 1181 1407 sus
1206 1378 1267 1407 lom
1292 1379 1324 1408 [n
1343 1378 1501 1407 rolando-o
1519 1378 1584 1408 luti.
1626 1377 1713 1408 Nulli
1732 1378 1850 1419 quippe
1868 1377 2000 1408 dubium

355 1434 412 1466 cst,
438 1430 515 1471 quin
539 1429 651 1470 religio
678 1429 861 1460 (¹l1ristiana
886 1429 1079 1471 baptismum
1107 1429 1225 1460 Christi
1250 1430 1387 1461 fideliter
1412 1436 1543 1472 expetat
1568 1436 1599 1461 et
1630 1430 1802 1461 salubriter
1832 1431 2000 1473 percipiat.

356 1482 421 1513 Sed
446 1482 539 1512 valde
565 1483 781 1524 periculosum
807 1489 853 1513 est
880 1488 909 1512 et
943 1495 959 1513 a
992 1483 1147 1524 religione
1175 1482 1357 1514 Christiana
1395 1483 1544 1519 alienum,
1582 1484 1667 1525 quod
1703 1490 1774 1526 post
1810 1485 1890 1515 tanti
1925 1484 2001 1515 doni

355 1536 597 1577 perceptimiem
633 1537 853 1577 unusquisque
890 1536 1003 1573 tidelis,
1041 1548 1112 1566 011111
1149 1536 1189 1567 ad
1227 1535 1461 1578 intelligibilem
1500 1542 1637 1567 aetatem
1674 1538 1771 1575 venit,
1811 1538 2000 1579 mysterium

355 1588 557 1630 baptismatis
583 1589 707 1619 discere
734 1596 764 1619 et
789 1589 969 1629 intelligere
996 1589 1139 1631 neglegit
1164 1596 1260 1631 atque
1293 1601 1329 1620 eo
1362 1589 1524 1621 intellecto
1561 1590 1738 1621 secundum
1774 1590 1853 1621 illud
1889 1591 1999 1621 vivere

355 1653 419 1672 non
444 1643 569 1683 satagit.
611 1642 705 1680 Quod
731 1642 909 1684 periculum
935 1648 966 1673 et
990 1642 1029 1673 ad
1054 1643 1291 1684 neglegentiam
1317 1644 1477 1685 pertinere
1503 1643 1716 1676 sacerdotum.
1735 1645 1788 1685 qui
1807 1644 1838 1674 id
1856 1643 2001 1674 sollerter

356 1694 475 1725 debent
500 1695 700 1727 adnuntiare.
727 1702 757 1726 ct
789 1695 829 1725 ad
859 1696 1040 1726 auditorum
1073 1697 1240 1733 incuriam,
1278 1697 1333 1738 qui
1369 1696 1428 1727 hoe
1465 1703 1496 1727 et
1531 1696 1719 1738 intellegere
1757 1703 1786 1727 et
1823 1697 1999 1739 adimplere

356 1748 602 1790 parvipendunt,
628 1748 706 1779 nulli
732 1748 864 1779 dubium
890 1755 945 1779 est.

463 1810 564 1852 Cap.
598 1810 638 1840 X.
688 1811 832 1849 Quidl
866 1812 927 1842 sit
963 1811 1311 1842 abrenuntiare
1344 1811 1559 1847 diabolo,
1596 1811 1809 1853 operibus
1834 1813 1928 1843 eius
1961 1818 2000 1843 ct

356 1875 375 1905 p
391 1875 451 1894 om
466 1875 485 1904 p
500 1864 509 1893 i
524 1875 536 1893 s
570 1864 643 1894 eiu
658 1877 681 1895 s.
722 1864 811 1894 Sicut
838 1864 1029 1895 stud-*mlum
1056 1870 1102 1894 est
1127 1864 1359 1901 sacerdotibus,
1385 1871 1419 1895 ut
1443 1865 1605 1896 auditores
1631 1866 1679 1896 sui
1704 1866 1891 1907 mysterium
1916 1867 1999 1896 sacri

356 1916 557 1958 baptismatis
582 1917 761 1957 intelligant
787 1924 817 1947 ct
844 1918 913 1947 1)οω
939 1929 1032 1959 opem
1064 1918 1186 1948 ferente
1213 1918 1364 1959 operibus
1392 1918 1583 1960 compleant,
1616 1920 1657 1949 ita
1689 1919 1896 1949 nihilominus
1928 1930 1998 1961 pro-

357 1981 469 2000 curare
495 1969 623 2003 debent,
650 1976 684 2000 ut
708 1970 1015 2003 abrenuntiationes,
1049 1982 1128 2012 quas
1158 1971 1190 2001 in
1222 1970 1386 2002 diabolum
1418 1983 1538 2013 suaque
1571 1983 1669 2013 opera
1700 1973 1833 2013 eiusque
1864 1983 1999 2013 pompas

358 2023 515 2059 feserunt,
550 2023 741 2064 intelligant,
775 2030 804 2053 et
830 2023 878 2053 his
905 2024 1086 2056 intellectis.
1118 2035 1157 2054 ne
1183 2024 1224 2054 ad
1250 2036 1303 2054 eas
1338 2024 1442 2055 denuo
1474 2024 1617 2060 redeant,
1655 2024 1788 2056 sollicite
1820 2025 1997 2066 invigilent.

358 2075 483 2114 Quibus
509 2077 605 2106 etiam
631 2077 844 2107 annnonendo
870 2078 998 2118 saepius
1024 2076 1251 2107 inculcandum
1276 2083 1333 2112 est,
1359 2089 1398 2107 110
1423 2078 1498 2119 iugo
1525 2084 1666 2117 satanae,
1698 2078 1782 2119 quod
1807 2078 1997 2117 reiecerunt,

357 2129 489 2170 eiusqiu¹
516 2129 736 2169 dominationi,
763 2141 858 2171 quam
884 2131 1045 2171 aspernati
1079 2136 1160 2162 sunt.
1194 2130 1419 2172 quoquomodo
1452 2130 1673 2161 succumbant.
1728 2130 1848 2172 Magna
1879 2132 1997 2173 quippe

356 2193 395 2212 ex
421 2188 510 2223 parte
537 2182 753 2212 Christianum
780 2183 878 2213 decus
904 2183 1039 2217 vilescit,
1066 2183 1195 2224 quando
1222 2184 1325 2213 renati
1349 2184 1380 2214 in
1399 2183 1527 2214 Christo
1546 2195 1592 2219 ea,
1615 2183 1730 2225 quibus
1748 2184 1780 2214 111
1804 2183 1997 2226 baptismate

355 2236 630 2270 renuntiaverunt,
657 2247 716 2266 1100
742 2236 929 2277 intellegere
956 2246 1067 2267 curant
1092 2247 1151 2266 1100
1178 2236 1217 2266 ab
1244 2236 1291 2266 his
1318 2248 1361 2269 se,
1388 2243 1421 2267 ut
1438 2236 1564 2267 Christo
1582 2236 1717 2278 polliciti
1735 2243 1816 2275 sunt,
1835 2237 1997 2268 abstinere

356 2293 515 2328 satagunt.
569 2288 659 2327 Quae
693 2289 718 2318 si
750 2289 995 2323 intellexissent,
1029 2289 1139 2331 procul
1176 2289 1273 2321 dubio
1311 2290 1483 2320 adiuvante
1509 2289 1627 2320 Christi
1662 2291 1767 2331 gratia
1803 2302 1835 2321 se
1872 2290 1913 2321 ab
1949 2291 1997 2321 his

355 2341 540 2382 vigilantius
566 2342 790 2372 custodissent.
832 2342 924 2372 Unde
950 2354 1082 2373 necesse
1109 2348 1165 2379 est,
1191 2349 1224 2374 ut
1250 2343 1490 2385 praedicatores
1508 2344 1540 2374 in
1558 2343 1770 2374 ammonendo
1789 2349 1820 2374 et
1836 2343 1998 2375 auditores

356 2394 387 2423 in
413 2394 567 2424 discendo
594 2400 624 2425 ct
649 2406 745 2436 opere
771 2395 961 2437 complendo
986 2395 1114 2433 abhinc,
1140 2402 1173 2426 ut
1199 2408 1289 2426 suum
1315 2408 1430 2427 cavere
1455 2396 1633 2437 periculum
1658 2397 1791 2438 possint,
1816 2398 1918 2427 maius
1944 2397 1997 2427 ad-

357 2446 489 2477 hibeant
513 2447 663 2480 studium.
718 2448 957 2479 Abrenuntiare
990 2449 1087 2489 igitur
1119 2449 1245 2480 diabolo
1276 2455 1340 2480 est:
1373 2450 1500 2491 penitus
1532 2461 1605 2480 eum
1636 2461 1798 2491 respuere,
1835 2461 1996 2492 spernere,

359 2499 481 2529 reicere
507 2501 600 2541 cique
626 2501 847 2532 contradicere
874 2513 971 2543 seque
997 2508 1028 2532 et
1059 2514 1319 2544 unumquemque
1353 2502 1393 2533 ab
1431 2514 1468 2533 eo
1504 2502 1645 2533 alienare
1682 2504 1749 2534 sive
1786 2503 1873 2534 aliud
1910 2503 1996 2545 quid,

464 2599 554 2622 VIIII.
586 2600 600 2621 6
621 2600 695 2623 renlat
718 2600 743 2623 Γ.
818 2602 830 2624 Τ
852 2599 1015 2632 schismatis]
1036 2602 1215 2626 schismaticis
1237 2602 1265 2625 P.
1342 2604 1373 2626 10
1393 2601 1590 2626 eummaculata
1611 2603 1636 2625 Γ.
1710 2604 1737 2626 11
1762 2600 1821 2633 hac]
1843 2603 1893 2626 scil.
1915 2602 1996 2634 lepra.

359 2643 387 2666 17
410 2643 571 2666 reaccedant
592 2644 617 2666 Γ.
695 2646 724 2667 is
745 2645 913 2668 babtismatis
934 2645 963 2669 P.
1038 2647 1069 2670 29
1090 2646 1242 2678 intelligere
1262 2646 1301 2670 liic
1319 2651 1342 2670 et
1361 2646 1431 2677 iufra
1451 2646 1480 2670 P.

462 2687 493 2710 X.
523 2688 552 2710 31
581 2686 647 2717 eius]
671 2689 708 2711 eis
730 2688 759 2712 P.
846 2690 877 2712 33
905 2689 1094 2714 nichilominus
1115 2690 1145 2713 P.
1231 2691 1262 2714 36
1290 2694 1450 2722 reget-erunt
1470 2690 1497 2714 Γ.
1582 2692 1614 2714 44
1642 2688 1678 2721 et]
1700 2691 1734 2715 ita
1754 2691 1817 2720 aiat,
1837 2691 1901 2715 deest
1922 2691 1946 2714 Γ.
1968 2691 1997 2715 P.

467 2778 493 2802 11
520 2776 567 2811 Cf.
594 2787 651 2804 cum
677 2784 840 2814 strymonem)
865 2784 889 2805 et
914 2780 1033 2815 capitulo
1059 2780 1156 2807 relatio
1181 2780 1369 2817 episcoporum
1396 2791 1417 2807 c.
1437 2782 1493 2810 38.-
1518 2782 1535 2807 ἶ.
1554 2782 1570 2807 l.
1598 2781 1636 2814 Π,
1655 2783 1703 2809 40-

2021 435 2033 453 5

2022 700 2046 718 10

2021 964 2045 982 15

2020 1495 2045 1514 '25

2020 1762 2045 1780 30

2019 2036 2044 2054 35

2018 2302 2044 2319 40

2017 2611 2042 2629 45
