<?xml version="1.0" encoding="UTF-8"?>
<!DOCTYPE html PUBLIC "-//W3C//DTD XHTML 1.0 Transitional//EN"
    "http://www.w3.org/TR/xhtml1/DTD/xhtml1-transitional.dtd">
<html xmlns="http://www.w3.org/1999/xhtml" xml:lang="en" lang="en">
 <head>
  <title>
</title>
<meta http-equiv="Content-Type" content="text/html;charset=utf-8" />
  <meta name='ocr-system' content='tesseract 3.04.00' />
  <meta name='ocr-capabilities' content='ocr_page ocr_carea ocr_par ocr_line ocrx_word'/>
</head>
<body>
  <div class='ocr_page' id='page_1' title='image "./p2monumentagecon02geseuoft/p2monumentagecon02geseuoft_0090.png"; bbox 0 0 2215 3052; ppageno 0'>
   <div class='ocr_carea' id='block_1_1' title="bbox 215 1158 360 1183">
    <p class='ocr_par' dir='ltr' id='par_1_1' title="bbox 215 1158 360 1183">
     <span class='ocr_line' id='line_1_1' title="bbox 215 1158 360 1183; baseline 0 -5"><span class='ocrx_word' id='word_1_1' title='bbox 215 1158 360 1183; x_wconf 72' lang='lat' dir='ltr'>Matth.4,10.</span> 
     </span>
    </p>
   </div>
   <div class='ocr_carea' id='block_1_2' title="bbox 205 2177 359 2201">
    <p class='ocr_par' dir='ltr' id='par_1_2' title="bbox 205 2177 359 2201">
     <span class='ocr_line' id='line_1_2' title="bbox 205 2177 359 2201; baseline 0.006 -6"><span class='ocrx_word' id='word_1_2' title='bbox 205 2178 232 2196; x_wconf 65' lang='lat' dir='ltr'>cl&#39;⁴</span> <span class='ocrx_word' id='word_1_3' title='bbox 243 2177 290 2197; x_wconf 75' lang='lat' dir='ltr'>Aet.</span> <span class='ocrx_word' id='word_1_4' title='bbox 300 2177 318 2201; x_wconf 84' lang='lat'>8,</span> <span class='ocrx_word' id='word_1_5' title='bbox 330 2178 359 2196; x_wconf 74' lang='lat'>18.</span> 
     </span>
    </p>
   </div>
   <div class='ocr_carea' id='block_1_3' title="bbox 381 95 1559 125">
    <p class='ocr_par' dir='ltr' id='par_1_3' title="bbox 381 95 1559 125">
     <span class='ocr_line' id='line_1_3' title="bbox 381 95 1559 125; baseline -0.001 -1"><span class='ocrx_word' id='word_1_6' title='bbox 381 95 445 125; x_wconf 82' lang='lat'>540</span> <span class='ocrx_word' id='word_1_7' title='bbox 847 96 897 122; x_wconf 85' lang='lat'>44.</span> <span class='ocrx_word' id='word_1_8' title='bbox 936 96 1153 124; x_wconf 85' lang='lat' dir='ltr'>CONCILIUM</span> <span class='ocrx_word' id='word_1_9' title='bbox 1177 95 1402 123; x_wconf 82' lang='lat' dir='ltr'>PARISIENSE</span> <span class='ocrx_word' id='word_1_10' title='bbox 1427 97 1463 123; x_wconf 80' lang='lat' dir='ltr'>A.</span> <span class='ocrx_word' id='word_1_11' title='bbox 1486 95 1559 123; x_wconf 81' lang='lat'>825.</span> 
     </span>
    </p>
   </div>
   <div class='ocr_carea' id='block_1_4' title="bbox 379 166 2028 229">
    <p class='ocr_par' dir='ltr' id='par_1_4' title="bbox 379 166 2028 229">
     <span class='ocr_line' id='line_1_4' title="bbox 1164 166 1172 179; baseline 0 0"><span class='ocrx_word' id='word_1_12' title='bbox 1164 166 1172 179; x_wconf 77' lang='lat'>9</span> 
     </span>
     <span class='ocr_line' id='line_1_5' title="bbox 379 194 2028 229; baseline -0.001 -7"><span class='ocrx_word' id='word_1_13' title='bbox 379 196 569 228; x_wconf 66' lang='lat' dir='ltr'>laudavimus,</span> <span class='ocrx_word' id='word_1_14' title='bbox 594 195 713 229; x_wconf 74' lang='lat' dir='ltr'>fregisse</span> <span class='ocrx_word' id='word_1_15' title='bbox 738 203 804 221; x_wconf 89' lang='lat' dir='ltr'>vero</span> <span class='ocrx_word' id='word_1_16' title='bbox 828 194 1072 228; x_wconf 78' lang='lat' dir='ltr'>reprehendimus.</span> <span class='ocrx_word' id='word_1_17' title='bbox 1108 195 1172 226; x_wconf 83' lang='lat' dir='ltr'>Dic,</span> <span class='ocrx_word' id='word_1_18' title='bbox 1197 194 1295 227; x_wconf 84' lang='lat' dir='ltr'>frater,</span> <span class='ocrx_word' id='word_1_19' title='bbox 1321 203 1337 221; x_wconf 88' lang='lat' dir='ltr'>a</span> <span class='ocrx_word' id='word_1_20' title='bbox 1361 203 1415 229; x_wconf 88' lang='lat' dir='ltr'>quo</span> <span class='ocrx_word' id='word_1_21' title='bbox 1432 194 1539 221; x_wconf 88' lang='lat' dir='ltr'>factum</span> <span class='ocrx_word' id='word_1_22' title='bbox 1555 195 1702 222; x_wconf 84' lang='lat' dir='ltr'>sacerdote</span> <span class='ocrx_word' id='word_1_23' title='bbox 1727 195 1878 229; x_wconf 86' lang='lat' dir='ltr'>aliquando</span> <span class='ocrx_word' id='word_1_24' title='bbox 1902 195 2028 221; x_wconf 84' lang='lat' dir='ltr'>auditum</span> 
     </span>
    </p>
   </div>
   <div class='ocr_carea' id='block_1_5' title="bbox 379 246 2033 2201">
    <p class='ocr_par' dir='ltr' id='par_1_5' title="bbox 379 246 2032 1773">
     <span class='ocr_line' id='line_1_6' title="bbox 382 246 2027 283; baseline -0.001 -9"><span class='ocrx_word' id='word_1_25' title='bbox 382 253 424 275; x_wconf 88' lang='lat' dir='ltr'>cst</span> <span class='ocrx_word' id='word_1_26' title='bbox 456 249 530 282; x_wconf 83' lang='lat' dir='ltr'>quod</span> <span class='ocrx_word' id='word_1_27' title='bbox 562 248 675 273; x_wconf 72' lang='lat' dir='ltr'>fecisti?</span> <span class='ocrx_word' id='word_1_28' title='bbox 723 246 751 272; x_wconf 88' lang='lat' dir='ltr'>Si</span> <span class='ocrx_word' id='word_1_29' title='bbox 782 256 837 273; x_wconf 91' lang='lat' dir='ltr'>non</span> <span class='ocrx_word' id='word_1_30' title='bbox 868 247 953 278; x_wconf 85' lang='lat' dir='ltr'>aliud,</span> <span class='ocrx_word' id='word_1_31' title='bbox 986 248 1031 274; x_wconf 87' lang='lat' dir='ltr'>vel</span> <span class='ocrx_word' id='word_1_32' title='bbox 1054 248 1124 274; x_wconf 92' lang='lat' dir='ltr'>illud</span> <span class='ocrx_word' id='word_1_33' title='bbox 1155 251 1184 274; x_wconf 88' lang='lat' dir='ltr'>te</span> <span class='ocrx_word' id='word_1_34' title='bbox 1209 256 1265 274; x_wconf 91' lang='lat' dir='ltr'>non</span> <span class='ocrx_word' id='word_1_35' title='bbox 1290 248 1389 274; x_wconf 82' lang='lat' dir='ltr'>debuit</span> <span class='ocrx_word' id='word_1_36' title='bbox 1413 256 1556 280; x_wconf 85' lang='lat' dir='ltr'>revocare,</span> <span class='ocrx_word' id='word_1_37' title='bbox 1584 251 1615 274; x_wconf 84' lang='lat' dir='ltr'>ut</span> <span class='ocrx_word' id='word_1_38' title='bbox 1640 248 1783 283; x_wconf 78' lang='lat' dir='ltr'>despectis</span> <span class='ocrx_word' id='word_1_39' title='bbox 1808 248 1868 275; x_wconf 88' lang='lat' dir='ltr'>aliis</span> <span class='ocrx_word' id='word_1_40' title='bbox 1892 248 2027 275; x_wconf 84' lang='lat' dir='ltr'>fratribus</span> 
     </span>
     <span class='ocr_line' id='line_1_7' title="bbox 380 301 2029 335; baseline -0.001 -8"><span class='ocrx_word' id='word_1_41' title='bbox 380 301 467 327; x_wconf 89' lang='lat' dir='ltr'>solum</span> <span class='ocrx_word' id='word_1_42' title='bbox 491 305 519 327; x_wconf 87' lang='lat' dir='ltr'>te</span> <span class='ocrx_word' id='word_1_43' title='bbox 545 304 671 326; x_wconf 80' lang='lat' dir='ltr'>sanctum</span> <span class='ocrx_word' id='word_1_44' title='bbox 703 304 732 326; x_wconf 88' lang='lat' dir='ltr'>et</span> <span class='ocrx_word' id='word_1_45' title='bbox 764 309 825 326; x_wconf 84' lang='lat' dir='ltr'>esse</span> <span class='ocrx_word' id='word_1_46' title='bbox 858 301 990 327; x_wconf 79' lang='lat' dir='ltr'>crederes</span> <span class='ocrx_word' id='word_1_47' title='bbox 1021 301 1188 335; x_wconf 79' lang='lat' dir='ltr'>sapientem.</span> <span class='ocrx_word' id='word_1_48' title='bbox 1243 301 1329 326; x_wconf 79' lang='lat' dir='ltr'>Aliud</span> <span class='ocrx_word' id='word_1_49' title='bbox 1362 304 1405 327; x_wconf 90' lang='lat' dir='ltr'>est</span> <span class='ocrx_word' id='word_1_50' title='bbox 1436 301 1510 327; x_wconf 87' lang='lat' dir='ltr'>enim</span> <span class='ocrx_word' id='word_1_51' title='bbox 1537 301 1675 335; x_wconf 80' lang='lat' dir='ltr'>picturam</span> <span class='ocrx_word' id='word_1_52' title='bbox 1699 301 1826 333; x_wconf 87' lang='lat' dir='ltr'>adorare,</span> <span class='ocrx_word' id='word_1_53' title='bbox 1858 301 1934 327; x_wconf 83' lang='lat' dir='ltr'>aliud</span> <span class='ocrx_word' id='word_1_54' title='bbox 1964 310 2029 335; x_wconf 88' lang='lat' dir='ltr'>per</span> 
     </span>
     <span class='ocr_line' id='line_1_8' title="bbox 381 353 2028 389; baseline 0 -10"><span class='ocrx_word' id='word_1_55' title='bbox 381 354 507 388; x_wconf 78' lang='lat' dir='ltr'>pict&#39;urae</span> <span class='ocrx_word' id='word_1_56' title='bbox 533 354 726 379; x_wconf 83' lang='lat' dir='ltr'>historiam</span> <span class='ocrx_word' id='word_1_57' title='bbox 752 353 819 387; x_wconf 88' lang='lat' dir='ltr'>quid</span> <span class='ocrx_word' id='word_1_58' title='bbox 843 353 879 379; x_wconf 88' lang='lat' dir='ltr'>sit</span> <span class='ocrx_word' id='word_1_59' title='bbox 903 354 1074 380; x_wconf 88' lang='lat' dir='ltr'>adorandum</span> <span class='ocrx_word' id='word_1_60' title='bbox 1099 354 1256 380; x_wconf 76' lang='lat' dir='ltr'>addiscere.</span> <span class='ocrx_word' id='word_1_61' title='bbox 1304 354 1375 380; x_wconf 80' lang='lat' dir='ltr'>Nam</span> <span class='ocrx_word' id='word_1_62' title='bbox 1400 354 1474 388; x_wconf 88' lang='lat' dir='ltr'>quod</span> <span class='ocrx_word' id='word_1_63' title='bbox 1499 354 1662 389; x_wconf 84' lang='lat' dir='ltr'>legentibus</span> <span class='ocrx_word' id='word_1_64' title='bbox 1686 354 1833 388; x_wconf 81' lang='lat' dir='ltr'>scriptura,</span> <span class='ocrx_word' id='word_1_65' title='bbox 1857 354 1909 380; x_wconf 91' lang='lat' dir='ltr'>hoc</span> <span class='ocrx_word' id='word_1_66' title='bbox 1934 354 2028 380; x_wconf 88' lang='lat' dir='ltr'>idiotis</span> 
     </span>
     <span class='ocr_line' id='line_1_9' title="bbox 380 406 2028 442; baseline 0.001 -11"><span class='ocrx_word' id='word_1_67' title='bbox 380 410 505 441; x_wconf 75' lang='lat' dir='ltr'>praestat</span> <span class='ocrx_word' id='word_1_68' title='bbox 530 407 641 441; x_wconf 77' lang='lat' dir='ltr'>pictura</span> <span class='ocrx_word' id='word_1_69' title='bbox 665 406 856 439; x_wconf 79' lang='lat' dir='ltr'>cernentibus,</span> <span class='ocrx_word' id='word_1_70' title='bbox 889 407 955 441; x_wconf 88' lang='lat' dir='ltr'>quia</span> <span class='ocrx_word' id='word_1_71' title='bbox 978 407 1006 432; x_wconf 90' lang='lat' dir='ltr'>in</span> <span class='ocrx_word' id='word_1_72' title='bbox 1030 407 1091 441; x_wconf 84' lang='lat' dir='ltr'>ipsa</span> <span class='ocrx_word' id='word_1_73' title='bbox 1114 407 1276 441; x_wconf 80' lang='lat' dir='ltr'>ignorantes</span> <span class='ocrx_word' id='word_1_74' title='bbox 1300 407 1398 433; x_wconf 86' lang='lat' dir='ltr'>vident</span> <span class='ocrx_word' id='word_1_75' title='bbox 1424 407 1500 441; x_wconf 87' lang='lat' dir='ltr'>quod</span> <span class='ocrx_word' id='word_1_76' title='bbox 1524 408 1605 442; x_wconf 87' lang='lat' dir='ltr'>sequi</span> <span class='ocrx_word' id='word_1_77' title='bbox 1629 407 1764 440; x_wconf 87' lang='lat' dir='ltr'>debeant,</span> <span class='ocrx_word' id='word_1_78' title='bbox 1793 408 1822 433; x_wconf 91' lang='lat' dir='ltr'>in</span> <span class='ocrx_word' id='word_1_79' title='bbox 1846 407 1906 441; x_wconf 88' lang='lat' dir='ltr'>ipsa</span> <span class='ocrx_word' id='word_1_80' title='bbox 1928 407 2028 441; x_wconf 83' lang='lat' dir='ltr'>legunt</span> 
     </span>
     <span class='ocr_line' id='line_1_10' title="bbox 381 459 2029 495; baseline 0.001 -10"><span class='ocrx_word' id='word_1_81' title='bbox 381 460 427 494; x_wconf 84' lang='lat' dir='ltr'>qui</span> <span class='ocrx_word' id='word_1_82' title='bbox 451 460 562 485; x_wconf 83' lang='lat' dir='ltr'>litteras</span> <span class='ocrx_word' id='word_1_83' title='bbox 586 460 726 485; x_wconf 89' lang='lat' dir='ltr'>nesciunt.</span> <span class='ocrx_word' id='word_1_84' title='bbox 773 459 857 486; x_wconf 89' lang='lat' dir='ltr'>Unde</span> <span class='ocrx_word' id='word_1_85' title='bbox 884 463 920 486; x_wconf 88' lang='lat' dir='ltr'>et</span> <span class='ocrx_word' id='word_1_86' title='bbox 943 460 1079 494; x_wconf 85' lang='lat' dir='ltr'>precipue</span> <span class='ocrx_word' id='word_1_87' title='bbox 1104 460 1237 495; x_wconf 82' lang='lat' dir='ltr'>gentibus</span> <span class='ocrx_word' id='word_1_88' title='bbox 1261 469 1311 494; x_wconf 88' lang='lat' dir='ltr'>pro</span> <span class='ocrx_word' id='word_1_89' title='bbox 1335 460 1458 487; x_wconf 87' lang='lat' dir='ltr'>lectione.</span> <span class='ocrx_word' id='word_1_90' title='bbox 1482 461 1594 495; x_wconf 85' lang='lat' dir='ltr'>pictura.</span> <span class='ocrx_word' id='word_1_91' title='bbox 1625 464 1678 492; x_wconf 88' lang='lat' dir='ltr'>est,</span> <span class='ocrx_word' id='word_1_92' title='bbox 1711 461 1786 494; x_wconf 88' lang='lat' dir='ltr'>quod</span> <span class='ocrx_word' id='word_1_93' title='bbox 1816 468 1988 495; x_wconf 83' lang='lat' dir='ltr'>magnopere</span> <span class='ocrx_word' id='word_1_94' title='bbox 2013 469 2029 486; x_wconf 88' lang='lat' dir='ltr'>a</span> 
     </span>
     <span class='ocr_line' id='line_1_11' title="bbox 381 510 2029 547; baseline 0 -9"><span class='ocrx_word' id='word_1_95' title='bbox 381 517 421 543; x_wconf 80' lang='lat' dir='ltr'>te,</span> <span class='ocrx_word' id='word_1_96' title='bbox 449 513 495 546; x_wconf 84' lang='lat' dir='ltr'>qui</span> <span class='ocrx_word' id='word_1_97' title='bbox 519 513 592 539; x_wconf 85' lang='lat' dir='ltr'>inter</span> <span class='ocrx_word' id='word_1_98' title='bbox 616 516 717 547; x_wconf 79' lang='lat' dir='ltr'>gentes</span> <span class='ocrx_word' id='word_1_99' title='bbox 742 513 863 545; x_wconf 86' lang='lat' dir='ltr'>habitas,</span> <span class='ocrx_word' id='word_1_100' title='bbox 889 513 1006 539; x_wconf 88' lang='lat' dir='ltr'>adtendi</span> <span class='ocrx_word' id='word_1_101' title='bbox 1031 514 1177 545; x_wconf 80' lang='lat' dir='ltr'>decuerat,</span> <span class='ocrx_word' id='word_1_102' title='bbox 1203 522 1248 545; x_wconf 88' lang='lat' dir='ltr'>ne,</span> <span class='ocrx_word' id='word_1_103' title='bbox 1268 513 1333 539; x_wconf 90' lang='lat' dir='ltr'>dum</span> <span class='ocrx_word' id='word_1_104' title='bbox 1357 517 1436 540; x_wconf 85' lang='lat' dir='ltr'>recto</span> <span class='ocrx_word' id='word_1_105' title='bbox 1460 513 1521 539; x_wconf 84' lang='lat' dir='ltr'>zelo</span> <span class='ocrx_word' id='word_1_106' title='bbox 1542 513 1655 539; x_wconf 88' lang='lat' dir='ltr'>incaute</span> <span class='ocrx_word' id='word_1_107' title='bbox 1673 510 1864 545; x_wconf 63' lang='lat' dir='ltr'>succenderis,</span> <span class='ocrx_word' id='word_1_108' title='bbox 1888 512 2029 539; x_wconf 85' lang='lat' dir='ltr'>ferocibus</span> 
     </span>
     <span class='ocr_line' id='line_1_12' title="bbox 380 566 2029 601; baseline 0 -10"><span class='ocrx_word' id='word_1_109' title='bbox 380 566 476 591; x_wconf 83' lang='lat' dir='ltr'>animis</span> <span class='ocrx_word' id='word_1_110' title='bbox 501 566 663 592; x_wconf 85' lang='lat' dir='ltr'>scandalum</span> <span class='ocrx_word' id='word_1_111' title='bbox 687 575 850 601; x_wconf 83' lang='lat' dir='ltr'>generares.</span> <span class='ocrx_word' id='word_1_112' title='bbox 898 567 1003 601; x_wconf 86' lang='lat' dir='ltr'>Frangi</span> <span class='ocrx_word' id='word_1_113' title='bbox 1028 575 1095 601; x_wconf 81' lang='lat' dir='ltr'>ergo</span> <span class='ocrx_word' id='word_1_114' title='bbox 1118 575 1173 592; x_wconf 87' lang='lat' dir='ltr'>non</span> <span class='ocrx_word' id='word_1_115' title='bbox 1198 567 1296 593; x_wconf 85' lang='lat' dir='ltr'>debuit</span> <span class='ocrx_word' id='word_1_116' title='bbox 1321 567 1396 600; x_wconf 87' lang='lat' dir='ltr'>quod</span> <span class='ocrx_word' id='word_1_117' title='bbox 1420 575 1475 592; x_wconf 88' lang='lat' dir='ltr'>non</span> <span class='ocrx_word' id='word_1_118' title='bbox 1499 567 1535 592; x_wconf 88' lang='lat' dir='ltr'>ad</span> <span class='ocrx_word' id='word_1_119' title='bbox 1559 566 1731 592; x_wconf 87' lang='lat' dir='ltr'>adorandum</span> <span class='ocrx_word' id='word_1_120' title='bbox 1755 566 1783 592; x_wconf 90' lang='lat' dir='ltr'>in</span> <span class='ocrx_word' id='word_1_121' title='bbox 1809 566 1946 598; x_wconf 85' lang='lat' dir='ltr'>ecclesiis,</span> <span class='ocrx_word' id='word_1_122' title='bbox 1979 566 2029 592; x_wconf 86' lang='lat' dir='ltr'>sed</span> 
     </span>
     <span class='ocr_line' id='line_1_13' title="bbox 380 619 2029 653; baseline 0.001 -9"><span class='ocrx_word' id='word_1_123' title='bbox 380 620 415 645; x_wconf 83' lang='lat' dir='ltr'>ad</span> <span class='ocrx_word' id='word_1_124' title='bbox 439 619 618 645; x_wconf 82' lang='lat' dir='ltr'>instruendas</span> <span class='ocrx_word' id='word_1_125' title='bbox 643 619 813 646; x_wconf 86' lang='lat' dir='ltr'>solummodo</span> <span class='ocrx_word' id='word_1_126' title='bbox 844 623 954 646; x_wconf 86' lang='lat' dir='ltr'>mentes</span> <span class='ocrx_word' id='word_1_127' title='bbox 985 619 1039 645; x_wconf 85' lang='lat' dir='ltr'>fuit</span> <span class='ocrx_word' id='word_1_128' title='bbox 1069 620 1257 646; x_wconf 86' lang='lat' dir='ltr'>nescientium</span> <span class='ocrx_word' id='word_1_129' title='bbox 1289 619 1471 651; x_wconf 81' lang='lat' dir='ltr'>collocatum3</span> <span class='ocrx_word' id='word_1_130' title='bbox 1505 622 1534 645; x_wconf 88' lang='lat' dir='ltr'>et</span> <span class='ocrx_word' id='word_1_131' title='bbox 1567 619 1633 653; x_wconf 87' lang='lat' dir='ltr'>quia</span> <span class='ocrx_word' id='word_1_132' title='bbox 1663 619 1691 644; x_wconf 91' lang='lat' dir='ltr'>in</span> <span class='ocrx_word' id='word_1_133' title='bbox 1720 619 1789 645; x_wconf 86' lang='lat' dir='ltr'>locis</span> <span class='ocrx_word' id='word_1_134' title='bbox 1820 619 2029 645; x_wconf 84' lang='lat' dir='ltr'>venerabilibus</span> 
     </span>
     <span class='ocr_line' id='line_1_14' title="bbox 380 672 2028 707; baseline -0.001 -9"><span class='ocrx_word' id='word_1_135' title='bbox 380 675 536 698; x_wconf 82' lang='lat' dir='ltr'>sanctorum</span> <span class='ocrx_word' id='word_1_136' title='bbox 562 673 676 707; x_wconf 84' lang='lat' dir='ltr'>depingi</span> <span class='ocrx_word' id='word_1_137' title='bbox 699 673 830 699; x_wconf 81' lang='lat' dir='ltr'>historias</span> <span class='ocrx_word' id='word_1_138' title='bbox 854 681 909 699; x_wconf 90' lang='lat' dir='ltr'>non</span> <span class='ocrx_word' id='word_1_139' title='bbox 934 673 993 699; x_wconf 89' lang='lat' dir='ltr'>sine</span> <span class='ocrx_word' id='word_1_140' title='bbox 1018 673 1127 699; x_wconf 86' lang='lat' dir='ltr'>ratione</span> <span class='ocrx_word' id='word_1_141' title='bbox 1152 676 1279 699; x_wconf 87' lang='lat' dir='ltr'>vetustas</span> <span class='ocrx_word' id='word_1_142' title='bbox 1303 672 1424 704; x_wconf 77' lang='lat' dir='ltr'>admisit,</span> <span class='ocrx_word' id='word_1_143' title='bbox 1451 672 1472 698; x_wconf 85' lang='lat' dir='ltr'>si</span> <span class='ocrx_word' id='word_1_144' title='bbox 1497 672 1588 699; x_wconf 88' lang='lat' dir='ltr'>zelum</span> <span class='ocrx_word' id='word_1_145' title='bbox 1608 672 1778 699; x_wconf 78' lang='lat' dir='ltr'>discretione</span> <span class='ocrx_word' id='word_1_146' title='bbox 1796 673 1951 704; x_wconf 88' lang='lat' dir='ltr'>condisses,</span> <span class='ocrx_word' id='word_1_147' title='bbox 1969 672 2028 698; x_wconf 87' lang='lat' dir='ltr'>sine</span> 
     </span>
     <span class='ocr_line' id='line_1_15' title="bbox 380 725 2030 760; baseline -0.001 -9"><span class='ocrx_word' id='word_1_148' title='bbox 380 726 464 752; x_wconf 90' lang='lat' dir='ltr'>dubio</span> <span class='ocrx_word' id='word_1_149' title='bbox 490 729 519 752; x_wconf 86' lang='lat' dir='ltr'>et</span> <span class='ocrx_word' id='word_1_150' title='bbox 544 735 586 758; x_wconf 77' lang='lat' dir='ltr'>ea,</span> <span class='ocrx_word' id='word_1_151' title='bbox 613 735 686 760; x_wconf 81' lang='lat' dir='ltr'>qnae</span> <span class='ocrx_word' id='word_1_152' title='bbox 711 726 891 757; x_wconf 69' lang='lat' dir='ltr'>intendebas,</span> <span class='ocrx_word' id='word_1_153' title='bbox 917 726 1067 752; x_wconf 86' lang='lat' dir='ltr'>salubriter</span> <span class='ocrx_word' id='word_1_154' title='bbox 1090 726 1219 752; x_wconf 89' lang='lat' dir='ltr'>obtinere</span> <span class='ocrx_word' id='word_1_155' title='bbox 1246 729 1274 751; x_wconf 84' lang='lat' dir='ltr'>et</span> <span class='ocrx_word' id='word_1_156' title='bbox 1299 725 1447 751; x_wconf 90' lang='lat' dir='ltr'>collectum</span> <span class='ocrx_word' id='word_1_157' title='bbox 1464 733 1580 759; x_wconf 82' lang='lat' dir='ltr'>gregem</span> <span class='ocrx_word' id='word_1_158' title='bbox 1596 733 1652 751; x_wconf 90' lang='lat' dir='ltr'>non</span> <span class='ocrx_word' id='word_1_159' title='bbox 1669 725 1844 760; x_wconf 84' lang='lat' dir='ltr'>dispergere,</span> <span class='ocrx_word' id='word_1_160' title='bbox 1870 725 1920 752; x_wconf 87' lang='lat' dir='ltr'>sed</span> <span class='ocrx_word' id='word_1_161' title='bbox 1935 725 2030 760; x_wconf 87' lang='lat' dir='ltr'>potius</span> 
     </span>
     <span class='ocr_line' id='line_1_16' title="bbox 380 778 2030 813; baseline -0.001 -8"><span class='ocrx_word' id='word_1_162' title='bbox 380 782 494 813; x_wconf 87' lang='lat' dir='ltr'>poteras</span> <span class='ocrx_word' id='word_1_163' title='bbox 519 788 702 813; x_wconf 77' lang='lat' dir='ltr'>congregare,</span> <span class='ocrx_word' id='word_1_164' title='bbox 727 782 758 805; x_wconf 84' lang='lat' dir='ltr'>ut</span> <span class='ocrx_word' id='word_1_165' title='bbox 782 779 902 813; x_wconf 87' lang='lat' dir='ltr'>pastoris</span> <span class='ocrx_word' id='word_1_166' title='bbox 926 779 953 804; x_wconf 89' lang='lat' dir='ltr'>in</span> <span class='ocrx_word' id='word_1_167' title='bbox 978 782 1006 804; x_wconf 92' lang='lat' dir='ltr'>te</span> <span class='ocrx_word' id='word_1_168' title='bbox 1031 779 1131 804; x_wconf 89' lang='lat' dir='ltr'>merito</span> <span class='ocrx_word' id='word_1_169' title='bbox 1155 787 1256 805; x_wconf 89' lang='lat' dir='ltr'>nomen</span> <span class='ocrx_word' id='word_1_170' title='bbox 1282 778 1447 810; x_wconf 80' lang='lat' dir='ltr'>excelleret,</span> <span class='ocrx_word' id='word_1_171' title='bbox 1472 787 1527 804; x_wconf 91' lang='lat' dir='ltr'>non</span> <span class='ocrx_word' id='word_1_172' title='bbox 1552 778 1634 812; x_wconf 86' lang='lat' dir='ltr'>culpa</span> <span class='ocrx_word' id='word_1_173' title='bbox 1658 778 1823 813; x_wconf 83' lang='lat' dir='ltr'>dispersoris</span> <span class='ocrx_word' id='word_1_174' title='bbox 1843 778 2030 805; x_wconf 87' lang='lat' dir='ltr'>incumberet.</span> 
     </span>
     <span class='ocr_line' id='line_1_17' title="bbox 380 831 2030 865; baseline -0.001 -7"><span class='ocrx_word' id='word_1_175' title='bbox 380 833 453 858; x_wconf 87' lang='lat' dir='ltr'>Hinc</span> <span class='ocrx_word' id='word_1_176' title='bbox 478 836 581 865; x_wconf 84' lang='lat' dir='ltr'>autem,</span> <span class='ocrx_word' id='word_1_177' title='bbox 614 833 679 858; x_wconf 88' lang='lat' dir='ltr'>dum</span> <span class='ocrx_word' id='word_1_178' title='bbox 704 833 730 858; x_wconf 91' lang='lat' dir='ltr'>in</span> <span class='ocrx_word' id='word_1_179' title='bbox 755 832 806 858; x_wconf 87' lang='lat' dir='ltr'>hoc</span> <span class='ocrx_word' id='word_1_180' title='bbox 831 832 913 858; x_wconf 88' lang='lat' dir='ltr'>animi</span> <span class='ocrx_word' id='word_1_181' title='bbox 938 832 979 857; x_wconf 87' lang='lat' dir='ltr'>tui</span> <span class='ocrx_word' id='word_1_182' title='bbox 1003 832 1116 857; x_wconf 85' lang='lat' dir='ltr'>incaute</span> <span class='ocrx_word' id='word_1_183' title='bbox 1141 831 1220 857; x_wconf 90' lang='lat' dir='ltr'>nimis</span> <span class='ocrx_word' id='word_1_184' title='bbox 1251 834 1341 857; x_wconf 88' lang='lat' dir='ltr'>motus</span> <span class='ocrx_word' id='word_1_185' title='bbox 1368 831 1526 865; x_wconf 86' lang='lat' dir='ltr'>exequeris,</span> <span class='ocrx_word' id='word_1_186' title='bbox 1559 832 1600 857; x_wconf 87' lang='lat' dir='ltr'>ita</span> <span class='ocrx_word' id='word_1_187' title='bbox 1630 835 1693 858; x_wconf 87' lang='lat' dir='ltr'>tuos</span> <span class='ocrx_word' id='word_1_188' title='bbox 1724 831 1928 858; x_wconf 83' lang='lat' dir='ltr'>scandalizasse</span> <span class='ocrx_word' id='word_1_189' title='bbox 1959 831 2030 857; x_wconf 88' lang='lat' dir='ltr'>filios</span> 
     </span>
     <span class='ocr_line' id='line_1_18' title="bbox 379 883 2029 920; baseline -0.001 -8"><span class='ocrx_word' id='word_1_190' title='bbox 379 886 548 920; x_wconf 82' lang='lat' dir='ltr'>perhiberis,</span> <span class='ocrx_word' id='word_1_191' title='bbox 580 890 611 911; x_wconf 92' lang='lat' dir='ltr'>ut</span> <span class='ocrx_word' id='word_1_192' title='bbox 642 886 760 912; x_wconf 81' lang='lat' dir='ltr'>maxima</span> <span class='ocrx_word' id='word_1_193' title='bbox 791 894 885 911; x_wconf 87' lang='lat' dir='ltr'>eorum</span> <span class='ocrx_word' id='word_1_194' title='bbox 916 894 980 919; x_wconf 81' lang='lat' dir='ltr'>pars</span> <span class='ocrx_word' id='word_1_195' title='bbox 1004 894 1018 911; x_wconf 85' lang='lat' dir='ltr'>a</span> <span class='ocrx_word' id='word_1_196' title='bbox 1044 889 1093 911; x_wconf 85' lang='lat' dir='ltr'>tua</span> <span class='ocrx_word' id='word_1_197' title='bbox 1124 894 1153 911; x_wconf 90' lang='lat' dir='ltr'>se</span> <span class='ocrx_word' id='word_1_198' title='bbox 1186 885 1377 911; x_wconf 88' lang='lat' dir='ltr'>communione</span> <span class='ocrx_word' id='word_1_199' title='bbox 1409 885 1608 919; x_wconf 87' lang='lat' dir='ltr'>suspenderet.</span> <span class='ocrx_word' id='word_1_200' title='bbox 1656 883 1775 915; x_wconf 80' lang='lat' dir='ltr'>Quando</span> <span class='ocrx_word' id='word_1_201' title='bbox 1808 893 1874 919; x_wconf 81' lang='lat' dir='ltr'>ergo</span> <span class='ocrx_word' id='word_1_202' title='bbox 1898 885 1933 911; x_wconf 85' lang='lat' dir='ltr'>ad</span> <span class='ocrx_word' id='word_1_203' title='bbox 1957 885 2029 911; x_wconf 91' lang='lat' dir='ltr'>ovile</span> 
     </span>
     <span class='ocr_line' id='line_1_19' title="bbox 381 937 2030 972; baseline -0.001 -8"><span class='ocrx_word' id='word_1_204' title='bbox 381 939 547 965; x_wconf 89' lang='lat' dir='ltr'>dominicum</span> <span class='ocrx_word' id='word_1_205' title='bbox 577 943 703 965; x_wconf 82' lang='lat' dir='ltr'>errantes</span> <span class='ocrx_word' id='word_1_206' title='bbox 728 947 794 965; x_wconf 88' lang='lat' dir='ltr'>oves</span> <span class='ocrx_word' id='word_1_207' title='bbox 819 939 952 971; x_wconf 84' lang='lat' dir='ltr'>adducas,</span> <span class='ocrx_word' id='word_1_208' title='bbox 987 939 1033 972; x_wconf 88' lang='lat' dir='ltr'>qui</span> <span class='ocrx_word' id='word_1_209' title='bbox 1065 947 1134 972; x_wconf 84' lang='lat' dir='ltr'>quas</span> <span class='ocrx_word' id='word_1_210' title='bbox 1165 938 1252 964; x_wconf 83' lang='lat' dir='ltr'>habes</span> <span class='ocrx_word' id='word_1_211' title='bbox 1277 938 1406 964; x_wconf 87' lang='lat' dir='ltr'>detinere</span> <span class='ocrx_word' id='word_1_212' title='bbox 1438 946 1493 964; x_wconf 90' lang='lat' dir='ltr'>non</span> <span class='ocrx_word' id='word_1_213' title='bbox 1516 937 1684 972; x_wconf 83' lang='lat' dir='ltr'>praevales?</span> <span class='ocrx_word' id='word_1_214' title='bbox 1730 938 1853 965; x_wconf 87' lang='lat' dir='ltr'>Proinde</span> <span class='ocrx_word' id='word_1_215' title='bbox 1876 938 2030 970; x_wconf 86' lang='lat' dir='ltr'>hortamur,</span> 
     </span>
     <span class='ocr_line' id='line_1_20' title="bbox 380 991 2030 1026; baseline 0 -9"><span class='ocrx_word' id='word_1_216' title='bbox 380 996 411 1018; x_wconf 86' lang='lat' dir='ltr'>ut</span> <span class='ocrx_word' id='word_1_217' title='bbox 435 992 481 1018; x_wconf 82' lang='lat' dir='ltr'>vel</span> <span class='ocrx_word' id='word_1_218' title='bbox 505 1001 577 1018; x_wconf 83' lang='lat' dir='ltr'>nnnc</span> <span class='ocrx_word' id='word_1_219' title='bbox 602 993 718 1018; x_wconf 82' lang='lat' dir='ltr'>studeas</span> <span class='ocrx_word' id='word_1_220' title='bbox 736 1000 797 1018; x_wconf 81' lang='lat' dir='ltr'>csse</span> <span class='ocrx_word' id='word_1_221' title='bbox 822 992 957 1017; x_wconf 85' lang='lat' dir='ltr'>sollicitus</span> <span class='ocrx_word' id='word_1_222' title='bbox 974 996 1060 1025; x_wconf 81' lang='lat' dir='ltr'>atque</span> <span class='ocrx_word' id='word_1_223' title='bbox 1077 991 1112 1017; x_wconf 87' lang='lat' dir='ltr'>ab</span> <span class='ocrx_word' id='word_1_224' title='bbox 1129 991 1181 1017; x_wconf 87' lang='lat' dir='ltr'>hac</span> <span class='ocrx_word' id='word_1_225' title='bbox 1198 994 1226 1017; x_wconf 85' lang='lat' dir='ltr'>te</span> <span class='ocrx_word' id='word_1_226' title='bbox 1244 991 1473 1025; x_wconf 80' lang='lat' dir='ltr'>praesumptione</span> <span class='ocrx_word' id='word_1_227' title='bbox 1492 1000 1652 1025; x_wconf 84' lang='lat' dir='ltr'>compescas</span> <span class='ocrx_word' id='word_1_228' title='bbox 1670 995 1699 1018; x_wconf 90' lang='lat' dir='ltr'>et</span> <span class='ocrx_word' id='word_1_229' title='bbox 1717 1000 1811 1018; x_wconf 88' lang='lat' dir='ltr'>eorum</span> <span class='ocrx_word' id='word_1_230' title='bbox 1828 991 1943 1024; x_wconf 88' lang='lat' dir='ltr'>animos,</span> <span class='ocrx_word' id='word_1_231' title='bbox 1962 1000 2030 1026; x_wconf 88' lang='lat' dir='ltr'>quos</span> 
     </span>
     <span class='ocr_line' id='line_1_21' title="bbox 381 1044 2030 1079; baseline 0 -8"><span class='ocrx_word' id='word_1_232' title='bbox 381 1054 395 1071; x_wconf 87' lang='lat' dir='ltr'>a</span> <span class='ocrx_word' id='word_1_233' title='bbox 421 1049 470 1071; x_wconf 91' lang='lat' dir='ltr'>tua</span> <span class='ocrx_word' id='word_1_234' title='bbox 494 1045 647 1071; x_wconf 81' lang='lat' dir='ltr'>disiunctos</span> <span class='ocrx_word' id='word_1_235' title='bbox 671 1045 781 1071; x_wconf 81' lang='lat' dir='ltr'>unitate</span> <span class='ocrx_word' id='word_1_236' title='bbox 807 1045 960 1079; x_wconf 75' lang='lat' dir='ltr'>cognoscis,</span> <span class='ocrx_word' id='word_1_237' title='bbox 985 1049 1106 1079; x_wconf 84' lang='lat' dir='ltr'>paterna</span> <span class='ocrx_word' id='word_1_238' title='bbox 1130 1045 1165 1070; x_wconf 85' lang='lat' dir='ltr'>ad</span> <span class='ocrx_word' id='word_1_239' title='bbox 1189 1048 1218 1071; x_wconf 86' lang='lat' dir='ltr'>te</span> <span class='ocrx_word' id='word_1_240' title='bbox 1245 1044 1406 1076; x_wconf 85' lang='lat' dir='ltr'>dulcedine,</span> <span class='ocrx_word' id='word_1_241' title='bbox 1431 1045 1504 1070; x_wconf 91' lang='lat' dir='ltr'>omni</span> <span class='ocrx_word' id='word_1_242' title='bbox 1523 1045 1623 1070; x_wconf 89' lang='lat' dir='ltr'>adnisu</span> <span class='ocrx_word' id='word_1_243' title='bbox 1639 1045 1769 1078; x_wconf 87' lang='lat' dir='ltr'>omnique</span> <span class='ocrx_word' id='word_1_244' title='bbox 1787 1045 1880 1071; x_wconf 87' lang='lat' dir='ltr'>studio</span> <span class='ocrx_word' id='word_1_245' title='bbox 1897 1053 2030 1071; x_wconf 86' lang='lat' dir='ltr'>revocare</span> 
     </span>
     <span class='ocr_line' id='line_1_22' title="bbox 380 1097 2030 1132; baseline -0.001 -8"><span class='ocrx_word' id='word_1_246' title='bbox 380 1098 510 1124; x_wconf 85' lang='lat' dir='ltr'>festines.</span> <span class='ocrx_word' id='word_1_247' title='bbox 559 1098 737 1124; x_wconf 77' lang='lat' dir='ltr'>Convocandi</span> <span class='ocrx_word' id='word_1_248' title='bbox 770 1098 841 1124; x_wconf 89' lang='lat' dir='ltr'>enim</span> <span class='ocrx_word' id='word_1_249' title='bbox 874 1102 939 1124; x_wconf 88' lang='lat' dir='ltr'>sunt</span> <span class='ocrx_word' id='word_1_250' title='bbox 971 1098 1074 1124; x_wconf 85' lang='lat' dir='ltr'>diversi</span> <span class='ocrx_word' id='word_1_251' title='bbox 1107 1098 1243 1124; x_wconf 82' lang='lat' dir='ltr'>ecclesiae</span> <span class='ocrx_word' id='word_1_252' title='bbox 1276 1097 1335 1130; x_wconf 84' lang='lat' dir='ltr'>filii,</span> <span class='ocrx_word' id='word_1_253' title='bbox 1362 1098 1459 1132; x_wconf 86' lang='lat' dir='ltr'>eisque</span> <span class='ocrx_word' id='word_1_254' title='bbox 1487 1098 1644 1132; x_wconf 85' lang='lat' dir='ltr'>scripturae</span> <span class='ocrx_word' id='word_1_255' title='bbox 1676 1102 1719 1124; x_wconf 89' lang='lat' dir='ltr'>est</span> <span class='ocrx_word' id='word_1_256' title='bbox 1743 1098 1911 1124; x_wconf 86' lang='lat' dir='ltr'>testimoniis</span> <span class='ocrx_word' id='word_1_257' title='bbox 1935 1101 2030 1124; x_wconf 89' lang='lat' dir='ltr'>osten-</span> 
     </span>
     <span class='ocr_line' id='line_1_23' title="bbox 381 1150 2032 1186; baseline -0.001 -8"><span class='ocrx_word' id='word_1_258' title='bbox 381 1153 513 1183; x_wconf 87' lang='lat' dir='ltr'>dendum,</span> <span class='ocrx_word' id='word_1_259' title='bbox 545 1152 611 1186; x_wconf 84' lang='lat' dir='ltr'>quia</span> <span class='ocrx_word' id='word_1_260' title='bbox 641 1160 723 1177; x_wconf 76' lang='lat' dir='ltr'>omne</span> <span class='ocrx_word' id='word_1_261' title='bbox 755 1161 837 1177; x_wconf 85' lang='lat' dir='ltr'>manu</span> <span class='ocrx_word' id='word_1_262' title='bbox 868 1151 973 1177; x_wconf 87' lang='lat' dir='ltr'>factum</span> <span class='ocrx_word' id='word_1_263' title='bbox 1005 1151 1125 1177; x_wconf 84' lang='lat' dir='ltr'>adorari</span> <span class='ocrx_word' id='word_1_264' title='bbox 1157 1160 1212 1177; x_wconf 88' lang='lat' dir='ltr'>non</span> <span class='ocrx_word' id='word_1_265' title='bbox 1237 1151 1330 1183; x_wconf 84' lang='lat' dir='ltr'>liceat,</span> <span class='ocrx_word' id='word_1_266' title='bbox 1363 1151 1492 1185; x_wconf 84' lang='lat' dir='ltr'>quoniam</span> <span class='ocrx_word' id='word_1_267' title='bbox 1516 1151 1650 1185; x_wconf 88' lang='lat' dir='ltr'>scriptum</span> <span class='ocrx_word' id='word_1_268' title='bbox 1676 1155 1734 1177; x_wconf 84' lang='lat' dir='ltr'>est:</span> <span class='ocrx_word' id='word_1_269' title='bbox 1765 1150 1915 1178; x_wconf 77' lang='lat' dir='ltr'>Dominum</span> <span class='ocrx_word' id='word_1_270' title='bbox 1940 1150 2032 1178; x_wconf 80' lang='lat' dir='ltr'>Deum</span> 
     </span>
     <span class='ocr_line' id='line_1_24' title="bbox 381 1204 2030 1239; baseline -0.001 -8"><span class='ocrx_word' id='word_1_271' title='bbox 381 1209 453 1231; x_wconf 70' lang='lat' dir='ltr'>ticum</span> <span class='ocrx_word' id='word_1_272' title='bbox 478 1204 612 1231; x_wconf 71' lang='lat' dir='ltr'>adorabis</span> <span class='ocrx_word' id='word_1_273' title='bbox 636 1208 660 1231; x_wconf 61' lang='lat' dir='ltr'>vt</span> <span class='ocrx_word' id='word_1_274' title='bbox 683 1204 723 1231; x_wconf 73' lang='lat' dir='ltr'><em>illi</em></span> <span class='ocrx_word' id='word_1_275' title='bbox 745 1204 797 1231; x_wconf 70' lang='lat' dir='ltr'>suli</span> <span class='ocrx_word' id='word_1_276' title='bbox 818 1205 930 1237; x_wconf 67' lang='lat' dir='ltr'>servies,</span> <span class='ocrx_word' id='word_1_277' title='bbox 955 1214 987 1231; x_wconf 86' lang='lat' dir='ltr'>ac</span> <span class='ocrx_word' id='word_1_278' title='bbox 1013 1205 1116 1231; x_wconf 87' lang='lat' dir='ltr'>deinde</span> <span class='ocrx_word' id='word_1_279' title='bbox 1141 1205 1377 1239; x_wconf 75' lang='lat' dir='ltr'>subiungendum,</span> <span class='ocrx_word' id='word_1_280' title='bbox 1402 1204 1478 1238; x_wconf 84' lang='lat' dir='ltr'>quia,</span> <span class='ocrx_word' id='word_1_281' title='bbox 1497 1205 1626 1238; x_wconf 87' lang='lat' dir='ltr'>quoniam</span> <span class='ocrx_word' id='word_1_282' title='bbox 1650 1205 1774 1239; x_wconf 85' lang='lat' dir='ltr'>picturas</span> <span class='ocrx_word' id='word_1_283' title='bbox 1797 1205 1958 1239; x_wconf 84' lang='lat' dir='ltr'>imaginum,</span> <span class='ocrx_word' id='word_1_284' title='bbox 1976 1213 2030 1239; x_wconf 91' lang='lat' dir='ltr'>que</span> 
     </span>
     <span class='ocr_line' id='line_1_25' title="bbox 380 1257 2031 1293; baseline -0.001 -9"><span class='ocrx_word' id='word_1_285' title='bbox 380 1259 415 1284; x_wconf 85' lang='lat' dir='ltr'>ad</span> <span class='ocrx_word' id='word_1_286' title='bbox 439 1258 665 1285; x_wconf 81' lang='lat' dir='ltr'>aedificationem</span> <span class='ocrx_word' id='word_1_287' title='bbox 689 1259 804 1292; x_wconf 84' lang='lat' dir='ltr'>inperiti</span> <span class='ocrx_word' id='word_1_288' title='bbox 828 1258 924 1293; x_wconf 88' lang='lat' dir='ltr'>populi</span> <span class='ocrx_word' id='word_1_289' title='bbox 949 1258 1042 1284; x_wconf 84' lang='lat' dir='ltr'>factae</span> <span class='ocrx_word' id='word_1_290' title='bbox 1067 1258 1190 1289; x_wconf 88' lang='lat' dir='ltr'>fueraut,</span> <span class='ocrx_word' id='word_1_291' title='bbox 1217 1261 1247 1283; x_wconf 90' lang='lat' dir='ltr'>ut</span> <span class='ocrx_word' id='word_1_292' title='bbox 1272 1258 1432 1284; x_wconf 84' lang='lat' dir='ltr'>nescientes</span> <span class='ocrx_word' id='word_1_293' title='bbox 1456 1257 1566 1284; x_wconf 84' lang='lat' dir='ltr'>litteras</span> <span class='ocrx_word' id='word_1_294' title='bbox 1583 1258 1671 1292; x_wconf 81' lang='lat' dir='ltr'>ipsam</span> <span class='ocrx_word' id='word_1_295' title='bbox 1687 1258 1830 1284; x_wconf 86' lang='lat' dir='ltr'>historiam</span> <span class='ocrx_word' id='word_1_296' title='bbox 1847 1258 2031 1284; x_wconf 86' lang='lat' dir='ltr'>intendentes</span> 
     </span>
     <span class='ocr_line' id='line_1_26' title="bbox 381 1311 2030 1346; baseline 0 -9"><span class='ocrx_word' id='word_1_297' title='bbox 381 1312 454 1346; x_wconf 87' lang='lat' dir='ltr'>quod</span> <span class='ocrx_word' id='word_1_298' title='bbox 479 1312 582 1338; x_wconf 83' lang='lat' dir='ltr'>(lictum</span> <span class='ocrx_word' id='word_1_299' title='bbox 607 1312 643 1337; x_wconf 88' lang='lat' dir='ltr'>sit</span> <span class='ocrx_word' id='word_1_300' title='bbox 668 1312 822 1344; x_wconf 84' lang='lat' dir='ltr'>discerent,</span> <span class='ocrx_word' id='word_1_301' title='bbox 848 1312 981 1338; x_wconf 85' lang='lat' dir='ltr'>transisse</span> <span class='ocrx_word' id='word_1_302' title='bbox 1006 1312 1033 1337; x_wconf 90' lang='lat' dir='ltr'>in</span> <span class='ocrx_word' id='word_1_303' title='bbox 1060 1312 1250 1337; x_wconf 86' lang='lat' dir='ltr'>adorationem</span> <span class='ocrx_word' id='word_1_304' title='bbox 1282 1311 1404 1342; x_wconf 67' lang='lat' dir='ltr'>videras,</span> <span class='ocrx_word' id='word_1_305' title='bbox 1435 1311 1538 1337; x_wconf 88' lang='lat' dir='ltr'>idcirco</span> <span class='ocrx_word' id='word_1_306' title='bbox 1570 1315 1721 1337; x_wconf 87' lang='lat' dir='ltr'>commotus</span> <span class='ocrx_word' id='word_1_307' title='bbox 1753 1320 1793 1344; x_wconf 88' lang='lat' dir='ltr'>es,</span> <span class='ocrx_word' id='word_1_308' title='bbox 1825 1315 1856 1337; x_wconf 88' lang='lat' dir='ltr'>ut</span> <span class='ocrx_word' id='word_1_309' title='bbox 1888 1320 1935 1337; x_wconf 83' lang='lat' dir='ltr'>eas</span> <span class='ocrx_word' id='word_1_310' title='bbox 1962 1311 2030 1337; x_wconf 89' lang='lat' dir='ltr'>ima-</span> 
     </span>
     <span class='ocr_line' id='line_1_27' title="bbox 379 1364 2031 1399; baseline 0 -9"><span class='ocrx_word' id='word_1_311' title='bbox 379 1365 459 1399; x_wconf 77' lang='lat' dir='ltr'>gines</span> <span class='ocrx_word' id='word_1_312' title='bbox 490 1365 581 1399; x_wconf 76' lang='lat' dir='ltr'>frangi</span> <span class='ocrx_word' id='word_1_313' title='bbox 612 1366 792 1399; x_wconf 82' lang='lat' dir='ltr'>praeciperes</span> <span class='ocrx_word' id='word_1_314' title='bbox 828 1369 914 1399; x_wconf 77' lang='lat' dir='ltr'>atque</span> <span class='ocrx_word' id='word_1_315' title='bbox 948 1366 986 1392; x_wconf 86' lang='lat' dir='ltr'>eis</span> <span class='ocrx_word' id='word_1_316' title='bbox 1019 1365 1184 1392; x_wconf 85' lang='lat' dir='ltr'>dicendum:</span> <span class='ocrx_word' id='word_1_317' title='bbox 1222 1365 1243 1390; x_wconf 87' lang='lat' dir='ltr'>si</span> <span class='ocrx_word' id='word_1_318' title='bbox 1275 1365 1310 1391; x_wconf 84' lang='lat' dir='ltr'>ad</span> <span class='ocrx_word' id='word_1_319' title='bbox 1341 1364 1412 1390; x_wconf 89' lang='lat' dir='ltr'>hanc</span> <span class='ocrx_word' id='word_1_320' title='bbox 1444 1364 1674 1396; x_wconf 88' lang='lat' dir='ltr'>instructionem,</span> <span class='ocrx_word' id='word_1_321' title='bbox 1710 1365 1745 1390; x_wconf 86' lang='lat' dir='ltr'>ad</span> <span class='ocrx_word' id='word_1_322' title='bbox 1778 1374 1861 1399; x_wconf 83' lang='lat' dir='ltr'>quam</span> <span class='ocrx_word' id='word_1_323' title='bbox 1896 1364 2031 1399; x_wconf 86' lang='lat' dir='ltr'>imagines</span> 
     </span>
     <span class='ocr_line' id='line_1_28' title="bbox 380 1417 2030 1453; baseline -0.001 -8"><span class='ocrx_word' id='word_1_324' title='bbox 380 1419 535 1453; x_wconf 83' lang='lat' dir='ltr'>antiquitus</span> <span class='ocrx_word' id='word_1_325' title='bbox 566 1418 659 1445; x_wconf 81' lang='lat' dir='ltr'>factae</span> <span class='ocrx_word' id='word_1_326' title='bbox 691 1423 766 1451; x_wconf 85' lang='lat' dir='ltr'>sunt,</span> <span class='ocrx_word' id='word_1_327' title='bbox 798 1419 903 1445; x_wconf 84' lang='lat' dir='ltr'>haberc</span> <span class='ocrx_word' id='word_1_328' title='bbox 935 1419 1019 1444; x_wconf 85' lang='lat' dir='ltr'>vultis</span> <span class='ocrx_word' id='word_1_329' title='bbox 1051 1419 1078 1444; x_wconf 93' lang='grc'>111</span> <span class='ocrx_word' id='word_1_330' title='bbox 1104 1418 1254 1451; x_wconf 81' lang='lat' dir='ltr'>ccclesia,</span> <span class='ocrx_word' id='word_1_331' title='bbox 1282 1427 1328 1444; x_wconf 83' lang='lat' dir='ltr'>eas</span> <span class='ocrx_word' id='word_1_332' title='bbox 1353 1418 1440 1444; x_wconf 89' lang='lat' dir='ltr'>modis</span> <span class='ocrx_word' id='word_1_333' title='bbox 1464 1418 1592 1443; x_wconf 86' lang='lat' dir='ltr'>omnibus</span> <span class='ocrx_word' id='word_1_334' title='bbox 1617 1421 1645 1444; x_wconf 90' lang='lat' dir='ltr'>et</span> <span class='ocrx_word' id='word_1_335' title='bbox 1675 1417 1765 1444; x_wconf 89' lang='lat' dir='ltr'>fieri</span> <span class='ocrx_word' id='word_1_336' title='bbox 1791 1422 1820 1444; x_wconf 88' lang='lat' dir='ltr'>et</span> <span class='ocrx_word' id='word_1_337' title='bbox 1844 1418 1941 1444; x_wconf 87' lang='lat' dir='ltr'>haberi</span> <span class='ocrx_word' id='word_1_338' title='bbox 1965 1426 2030 1452; x_wconf 88' lang='lat' dir='ltr'>per-</span> 
     </span>
     <span class='ocr_line' id='line_1_29' title="bbox 380 1470 2030 1506; baseline -0.001 -8"><span class='ocrx_word' id='word_1_339' title='bbox 380 1473 484 1498; x_wconf 84' lang='lat' dir='ltr'>mittas.</span> <span class='ocrx_word' id='word_1_340' title='bbox 525 1472 641 1506; x_wconf 76' lang='lat' dir='ltr'>Atque</span> <span class='ocrx_word' id='word_1_341' title='bbox 666 1473 768 1501; x_wconf 75' lang='lat' dir='ltr'>indica,</span> <span class='ocrx_word' id='word_1_342' title='bbox 795 1473 869 1506; x_wconf 72' lang='lat' dir='ltr'>quod</span> <span class='ocrx_word' id='word_1_343' title='bbox 894 1481 949 1498; x_wconf 90' lang='lat' dir='ltr'>non</span> <span class='ocrx_word' id='word_1_344' title='bbox 973 1472 1025 1498; x_wconf 80' lang='lat' dir='ltr'>tibi</span> <span class='ocrx_word' id='word_1_345' title='bbox 1049 1472 1110 1506; x_wconf 86' lang='lat' dir='ltr'>ipsa</span> <span class='ocrx_word' id='word_1_346' title='bbox 1134 1472 1202 1497; x_wconf 76' lang='lat' dir='ltr'>visio</span> <span class='ocrx_word' id='word_1_347' title='bbox 1226 1472 1369 1503; x_wconf 84' lang='lat' dir='ltr'>historiae,</span> <span class='ocrx_word' id='word_1_348' title='bbox 1395 1480 1467 1505; x_wconf 84' lang='lat' dir='ltr'>quae</span> <span class='ocrx_word' id='word_1_349' title='bbox 1492 1471 1603 1505; x_wconf 82' lang='lat' dir='ltr'>pictura</span> <span class='ocrx_word' id='word_1_350' title='bbox 1627 1475 1702 1497; x_wconf 87' lang='lat' dir='ltr'>teste</span> <span class='ocrx_word' id='word_1_351' title='bbox 1728 1471 1916 1506; x_wconf 83' lang='lat' dir='ltr'>pandebatur,</span> <span class='ocrx_word' id='word_1_352' title='bbox 1934 1470 2030 1505; x_wconf 86' lang='lat' dir='ltr'>displi-</span> 
     </span>
     <span class='ocr_line' id='line_1_30' title="bbox 380 1525 2031 1559; baseline -0.002 -7"><span class='ocrx_word' id='word_1_353' title='bbox 380 1526 479 1557; x_wconf 83' lang='lat' dir='ltr'>cuerit,</span> <span class='ocrx_word' id='word_1_354' title='bbox 505 1525 555 1551; x_wconf 88' lang='lat' dir='ltr'>sed</span> <span class='ocrx_word' id='word_1_355' title='bbox 580 1525 628 1551; x_wconf 89' lang='lat' dir='ltr'>illa</span> <span class='ocrx_word' id='word_1_356' title='bbox 652 1526 789 1556; x_wconf 82' lang='lat' dir='ltr'>adoratio,</span> <span class='ocrx_word' id='word_1_357' title='bbox 816 1534 886 1559; x_wconf 81' lang='lat' dir='ltr'>quac</span> <span class='ocrx_word' id='word_1_358' title='bbox 912 1526 1028 1559; x_wconf 81' lang='lat' dir='ltr'>picturis</span> <span class='ocrx_word' id='word_1_359' title='bbox 1052 1525 1146 1551; x_wconf 83' lang='lat' dir='ltr'>fuerat</span> <span class='ocrx_word' id='word_1_360' title='bbox 1171 1525 1398 1559; x_wconf 80' lang='lat' dir='ltr'>incompetenter</span> <span class='ocrx_word' id='word_1_361' title='bbox 1423 1525 1558 1556; x_wconf 86' lang='lat' dir='ltr'>exhibita,</span> <span class='ocrx_word' id='word_1_362' title='bbox 1589 1528 1676 1559; x_wconf 82' lang='lat' dir='ltr'>atque</span> <span class='ocrx_word' id='word_1_363' title='bbox 1701 1525 1729 1550; x_wconf 90' lang='lat' dir='ltr'>in</span> <span class='ocrx_word' id='word_1_364' title='bbox 1752 1525 1794 1550; x_wconf 89' lang='lat' dir='ltr'>his</span> <span class='ocrx_word' id='word_1_365' title='bbox 1818 1525 1911 1551; x_wconf 87' lang='lat' dir='ltr'>verbis</span> <span class='ocrx_word' id='word_1_366' title='bbox 1937 1533 2031 1550; x_wconf 88' lang='lat' dir='ltr'>eorum</span> 
     </span>
     <span class='ocr_line' id='line_1_31' title="bbox 380 1578 2030 1613; baseline -0.001 -8"><span class='ocrx_word' id='word_1_367' title='bbox 380 1583 489 1605; x_wconf 83' lang='lat' dir='ltr'>mentes</span> <span class='ocrx_word' id='word_1_368' title='bbox 515 1578 678 1605; x_wconf 83' lang='lat' dir='ltr'>demulcens</span> <span class='ocrx_word' id='word_1_369' title='bbox 703 1588 750 1605; x_wconf 86' lang='lat' dir='ltr'>cos</span> <span class='ocrx_word' id='word_1_370' title='bbox 775 1579 810 1605; x_wconf 78' lang='lat' dir='ltr'>ad</span> <span class='ocrx_word' id='word_1_371' title='bbox 835 1579 1011 1605; x_wconf 82' lang='lat' dir='ltr'>concordiam</span> <span class='ocrx_word' id='word_1_372' title='bbox 1035 1582 1112 1605; x_wconf 86' lang='lat' dir='ltr'>tuam</span> <span class='ocrx_word' id='word_1_373' title='bbox 1136 1588 1246 1604; x_wconf 82' lang='lat' dir='ltr'>revoca.</span> <span class='ocrx_word' id='word_1_374' title='bbox 1290 1579 1326 1604; x_wconf 83' lang='lat' dir='ltr'>Et</span> <span class='ocrx_word' id='word_1_375' title='bbox 1352 1579 1373 1604; x_wconf 89' lang='lat' dir='ltr'>si</span> <span class='ocrx_word' id='word_1_376' title='bbox 1399 1579 1459 1612; x_wconf 86' lang='lat' dir='ltr'>quis</span> <span class='ocrx_word' id='word_1_377' title='bbox 1484 1579 1619 1613; x_wconf 76' lang='lat' dir='ltr'>imagines</span> <span class='ocrx_word' id='word_1_378' title='bbox 1644 1578 1740 1604; x_wconf 85' lang='lat' dir='ltr'>faeere</span> <span class='ocrx_word' id='word_1_379' title='bbox 1765 1578 1895 1610; x_wconf 85' lang='lat' dir='ltr'>voluerit,</span> <span class='ocrx_word' id='word_1_380' title='bbox 1920 1578 2030 1604; x_wconf 89' lang='lat' dir='ltr'>minime</span> 
     </span>
     <span class='ocr_line' id='line_1_32' title="bbox 379 1631 2031 1667; baseline -0.001 -9"><span class='ocrx_word' id='word_1_381' title='bbox 379 1632 508 1667; x_wconf 82' lang='lat' dir='ltr'>prohibe,</span> <span class='ocrx_word' id='word_1_382' title='bbox 541 1632 657 1658; x_wconf 80' lang='lat' dir='ltr'>adorare</span> <span class='ocrx_word' id='word_1_383' title='bbox 684 1641 748 1659; x_wconf 81' lang='lat' dir='ltr'>vero</span> <span class='ocrx_word' id='word_1_384' title='bbox 773 1633 908 1667; x_wconf 71' lang='lat' dir='ltr'>imagines</span> <span class='ocrx_word' id='word_1_385' title='bbox 933 1632 1004 1658; x_wconf 89' lang='lat' dir='ltr'>omni</span> <span class='ocrx_word' id='word_1_386' title='bbox 1030 1642 1073 1658; x_wconf 83' lang='lat' dir='ltr'>ino</span> <span class='ocrx_word' id='word_1_387' title='bbox 1084 1633 1125 1658; x_wconf 84' lang='lat' dir='ltr'>do</span> <span class='ocrx_word' id='word_1_388' title='bbox 1151 1632 1256 1658; x_wconf 80' lang='lat' dir='ltr'>devita.</span> <span class='ocrx_word' id='word_1_389' title='bbox 1298 1631 1354 1658; x_wconf 82' lang='lat' dir='ltr'>Sed</span> <span class='ocrx_word' id='word_1_390' title='bbox 1380 1632 1430 1657; x_wconf 82' lang='lat' dir='ltr'>lioc</span> <span class='ocrx_word' id='word_1_391' title='bbox 1456 1632 1576 1658; x_wconf 87' lang='lat' dir='ltr'>sollicite</span> <span class='ocrx_word' id='word_1_392' title='bbox 1601 1631 1765 1658; x_wconf 84' lang='lat' dir='ltr'>fraternitas</span> <span class='ocrx_word' id='word_1_393' title='bbox 1789 1636 1839 1658; x_wconf 88' lang='lat' dir='ltr'>tua</span> <span class='ocrx_word' id='word_1_394' title='bbox 1862 1635 2031 1663; x_wconf 79' lang='lat' dir='ltr'>ammoneat,</span> 
     </span>
     <span class='ocr_line' id='line_1_33' title="bbox 380 1685 2031 1720; baseline -0.001 -8"><span class='ocrx_word' id='word_1_395' title='bbox 380 1691 411 1712; x_wconf 84' lang='lat' dir='ltr'>ut</span> <span class='ocrx_word' id='word_1_396' title='bbox 437 1695 470 1712; x_wconf 81' lang='lat' dir='ltr'>ex</span> <span class='ocrx_word' id='word_1_397' title='bbox 494 1686 600 1712; x_wconf 81' lang='lat' dir='ltr'>visione</span> <span class='ocrx_word' id='word_1_398' title='bbox 625 1686 666 1712; x_wconf 88' lang='lat' dir='ltr'>rei</span> <span class='ocrx_word' id='word_1_399' title='bbox 691 1690 771 1720; x_wconf 74' lang='lat' dir='ltr'>geste</span> <span class='ocrx_word' id='word_1_400' title='bbox 797 1686 924 1711; x_wconf 75' lang='lat' dir='ltr'>ardorem</span> <span class='ocrx_word' id='word_1_401' title='bbox 950 1686 1171 1720; x_wconf 75' lang='lat' dir='ltr'>compunctionis</span> <span class='ocrx_word' id='word_1_402' title='bbox 1195 1685 1353 1720; x_wconf 82' lang='lat' dir='ltr'>percipiant</span> <span class='ocrx_word' id='word_1_403' title='bbox 1387 1690 1415 1711; x_wconf 82' lang='lat' dir='ltr'>et</span> <span class='ocrx_word' id='word_1_404' title='bbox 1447 1685 1473 1710; x_wconf 92' lang='lat' dir='ltr'>in</span> <span class='ocrx_word' id='word_1_405' title='bbox 1499 1685 1691 1711; x_wconf 79' lang='lat' dir='ltr'>adorationem</span> <span class='ocrx_word' id='word_1_406' title='bbox 1722 1685 1807 1711; x_wconf 86' lang='lat' dir='ltr'>solius</span> <span class='ocrx_word' id='word_1_407' title='bbox 1832 1685 2031 1719; x_wconf 85' lang='lat' dir='ltr'>omnipotentis</span> 
     </span>
     <span class='ocr_line' id='line_1_34' title="bbox 381 1739 1068 1773; baseline -0.001 -8"><span class='ocrx_word' id='word_1_408' title='bbox 381 1744 495 1766; x_wconf 84' lang='lat' dir='ltr'>sanctae</span> <span class='ocrx_word' id='word_1_409' title='bbox 521 1740 654 1766; x_wconf 78' lang='lat' dir='ltr'>trinitatis</span> <span class='ocrx_word' id='word_1_410' title='bbox 678 1739 821 1765; x_wconf 88' lang='lat' dir='ltr'>humiliter</span> <span class='ocrx_word' id='word_1_411' title='bbox 844 1744 1068 1773; x_wconf 85' lang='lat' dir='ltr'>prosternantur.</span> 
     </span>
    </p>

    <p class='ocr_par' dir='ltr' id='par_1_6' title="bbox 380 1791 2032 1881">
     <span class='ocr_line' id='line_1_35' title="bbox 488 1791 2032 1826; baseline -0.001 -7"><span class='ocrx_word' id='word_1_412' title='bbox 488 1791 617 1820; x_wconf 82' lang='lat' dir='ltr'>Cuncta.l</span> <span class='ocrx_word' id='word_1_413' title='bbox 643 1801 709 1819; x_wconf 91' lang='lat' dir='ltr'>vero</span> <span class='ocrx_word' id='word_1_414' title='bbox 733 1793 803 1819; x_wconf 81' lang='lat' dir='ltr'>haec</span> <span class='ocrx_word' id='word_1_415' title='bbox 829 1801 862 1819; x_wconf 80' lang='lat' dir='ltr'>ex</span> <span class='ocrx_word' id='word_1_416' title='bbox 887 1802 979 1819; x_wconf 80' lang='lat' dir='ltr'>amore</span> <span class='ocrx_word' id='word_1_417' title='bbox 1004 1796 1119 1818; x_wconf 78' lang='lat' dir='ltr'>sanctae</span> <span class='ocrx_word' id='word_1_418' title='bbox 1146 1792 1283 1818; x_wconf 85' lang='lat' dir='ltr'>ccclesiae.</span> <span class='ocrx_word' id='word_1_419' title='bbox 1310 1796 1338 1818; x_wconf 88' lang='lat' dir='ltr'>et</span> <span class='ocrx_word' id='word_1_420' title='bbox 1363 1796 1428 1818; x_wconf 72' lang='lat' dir='ltr'>tuae</span> <span class='ocrx_word' id='word_1_421' title='bbox 1454 1792 1641 1818; x_wconf 87' lang='lat' dir='ltr'>fraternitatis</span> <span class='ocrx_word' id='word_1_422' title='bbox 1664 1791 1812 1826; x_wconf 88' lang='lat' dir='ltr'>loquimur,</span> <span class='ocrx_word' id='word_1_423' title='bbox 1837 1800 1892 1818; x_wconf 90' lang='lat' dir='ltr'>non</span> <span class='ocrx_word' id='word_1_424' title='bbox 1914 1799 1980 1826; x_wconf 82' lang='lat' dir='ltr'>ergo</span> <span class='ocrx_word' id='word_1_425' title='bbox 1998 1800 2032 1816; x_wconf 81' lang='lat' dir='ltr'>cx</span> 
     </span>
     <span class='ocr_line' id='line_1_36' title="bbox 380 1845 2030 1881; baseline -0.002 -8"><span class='ocrx_word' id='word_1_426' title='bbox 380 1856 443 1873; x_wconf 80' lang='lat' dir='ltr'>mea</span> <span class='ocrx_word' id='word_1_427' title='bbox 467 1847 645 1881; x_wconf 75' lang='lat' dir='ltr'>correptione</span> <span class='ocrx_word' id='word_1_428' title='bbox 671 1846 818 1881; x_wconf 76' lang='lat' dir='ltr'>frangatur</span> <span class='ocrx_word' id='word_1_429' title='bbox 842 1855 857 1872; x_wconf 87' lang='lat' dir='ltr'>a</span> <span class='ocrx_word' id='word_1_430' title='bbox 881 1848 942 1872; x_wconf 87' lang='lat' dir='ltr'>zelo</span> <span class='ocrx_word' id='word_1_431' title='bbox 966 1846 1155 1877; x_wconf 80' lang='lat' dir='ltr'>rectitudinis,</span> <span class='ocrx_word' id='word_1_432' title='bbox 1184 1846 1234 1872; x_wconf 85' lang='lat' dir='ltr'>scd</span> <span class='ocrx_word' id='word_1_433' title='bbox 1264 1846 1350 1879; x_wconf 76' lang='lat' dir='ltr'>magis</span> <span class='ocrx_word' id='word_1_434' title='bbox 1382 1846 1533 1872; x_wconf 82' lang='lat' dir='ltr'>adiuvetur</span> <span class='ocrx_word' id='word_1_435' title='bbox 1562 1845 1590 1871; x_wconf 91' lang='lat' dir='ltr'>in</span> <span class='ocrx_word' id='word_1_436' title='bbox 1615 1845 1708 1871; x_wconf 87' lang='lat' dir='ltr'>studio</span> <span class='ocrx_word' id='word_1_437' title='bbox 1732 1845 1779 1879; x_wconf 89' lang='lat' dir='ltr'>pie</span> <span class='ocrx_word' id='word_1_438' title='bbox 1804 1845 2030 1880; x_wconf 54' lang='lat' dir='ltr'>dispensationis</span> 
     </span>
    </p>

    <p class='ocr_par' dir='ltr' id='par_1_7' title="bbox 381 1892 2032 2096">
     <span class='ocr_line' id='line_1_37' title="bbox 488 1892 2031 1933; baseline -0.001 -7"><span class='ocrx_word' id='word_1_439' title='bbox 488 1896 570 1926; x_wconf 74' lang='lat' dir='ltr'>Item</span> <span class='ocrx_word' id='word_1_440' title='bbox 595 1894 656 1925; x_wconf 82' lang='lat' dir='ltr'>ibi:</span> <span class='ocrx_word' id='word_1_441' title='bbox 682 1897 784 1925; x_wconf 69' lang='grc' dir='ltr'>Η11602</span> <span class='ocrx_word' id='word_1_442' title='bbox 809 1904 906 1925; x_wconf 84' lang='lat' dir='ltr'>contra</span> <span class='ocrx_word' id='word_1_443' title='bbox 924 1908 980 1929; x_wconf 80' lang='lat' dir='ltr'>cos,</span> <span class='ocrx_word' id='word_1_444' title='bbox 1007 1899 1053 1933; x_wconf 79' lang='lat' dir='ltr'>qui</span> <span class='ocrx_word' id='word_1_445' title='bbox 1070 1899 1203 1933; x_wconf 78' lang='lat' dir='ltr'>imagines</span> <span class='ocrx_word' id='word_1_446' title='bbox 1228 1903 1386 1925; x_wconf 83' lang='lat' dir='ltr'>sanctorum</span> <span class='ocrx_word' id='word_1_447' title='bbox 1410 1894 1540 1924; x_wconf 79' lang='lat' dir='ltr'>incauto</span> <span class='ocrx_word' id='word_1_448' title='bbox 1565 1899 1597 1924; x_wconf 81' lang='lat' dir='ltr'>et</span> <span class='ocrx_word' id='word_1_449' title='bbox 1619 1893 1858 1924; x_wconf 74' lang='lat' dir='ltr'>inconsiderato</span> <span class='ocrx_word' id='word_1_450' title='bbox 1883 1893 1952 1924; x_wconf 82' lang='lat' dir='ltr'>zelo</span> <span class='ocrx_word' id='word_1_451' title='bbox 1978 1892 2031 1923; x_wconf 72' lang='lat' dir='ltr'>de-</span> 
     </span>
     <span class='ocr_line' id='line_1_38' title="bbox 382 1947 2032 1988; baseline -0.002 -9"><span class='ocrx_word' id='word_1_452' title='bbox 382 1954 517 1988; x_wconf 76' lang='lat' dir='ltr'>struunt,</span> <span class='ocrx_word' id='word_1_453' title='bbox 543 1953 668 1979; x_wconf 82' lang='lat' dir='ltr'>breviter</span> <span class='ocrx_word' id='word_1_454' title='bbox 693 1953 768 1979; x_wconf 85' lang='lat' dir='ltr'>dicta</span> <span class='ocrx_word' id='word_1_455' title='bbox 793 1953 874 1981; x_wconf 70' lang='lat' dir='ltr'>sunt.</span> <span class='ocrx_word' id='word_1_456' title='bbox 925 1952 1004 1978; x_wconf 77' lang='lat' dir='ltr'>Nunc</span> <span class='ocrx_word' id='word_1_457' title='bbox 1030 1957 1126 1978; x_wconf 85' lang='lat' dir='ltr'>contra</span> <span class='ocrx_word' id='word_1_458' title='bbox 1152 1960 1209 1984; x_wconf 81' lang='lat' dir='ltr'>eos,</span> <span class='ocrx_word' id='word_1_459' title='bbox 1236 1952 1281 1986; x_wconf 85' lang='lat' dir='ltr'>qui</span> <span class='ocrx_word' id='word_1_460' title='bbox 1310 1952 1437 1978; x_wconf 86' lang='lat' dir='ltr'>indebito</span> <span class='ocrx_word' id='word_1_461' title='bbox 1462 1952 1539 1978; x_wconf 88' lang='lat' dir='ltr'>cultu</span> <span class='ocrx_word' id='word_1_462' title='bbox 1572 1961 1618 1978; x_wconf 91' lang='lat' dir='ltr'>eas</span> <span class='ocrx_word' id='word_1_463' title='bbox 1649 1952 1754 1984; x_wconf 91' lang='lat' dir='ltr'>colunt,</span> <span class='ocrx_word' id='word_1_464' title='bbox 1787 1947 1955 1978; x_wconf 77' lang='lat' dir='ltr'>incensum</span> <span class='ocrx_word' id='word_1_465' title='bbox 1986 1947 2032 1977; x_wconf 75' lang='lat' dir='ltr'>Gis</span> 
     </span>
     <span class='ocr_line' id='line_1_39' title="bbox 382 2000 2031 2044; baseline -0.001 -12"><span class='ocrx_word' id='word_1_466' title='bbox 382 2002 531 2044; x_wconf 69' lang='lat' dir='ltr'>ponendo</span> <span class='ocrx_word' id='word_1_467' title='bbox 557 2007 588 2032; x_wconf 78' lang='lat' dir='ltr'>et</span> <span class='ocrx_word' id='word_1_468' title='bbox 612 2001 674 2032; x_wconf 77' lang='lat' dir='ltr'>alia</span> <span class='ocrx_word' id='word_1_469' title='bbox 700 2012 826 2043; x_wconf 65' lang='lat' dir='ltr'>queque</span> <span class='ocrx_word' id='word_1_470' title='bbox 852 2001 1073 2042; x_wconf 70' lang='lat' dir='ltr'>superstitiosa</span> <span class='ocrx_word' id='word_1_471' title='bbox 1099 2000 1259 2039; x_wconf 69' lang='lat' dir='ltr'>faciendo,</span> <span class='ocrx_word' id='word_1_472' title='bbox 1286 2009 1444 2031; x_wconf 78' lang='lat' dir='ltr'>sanctoruni</span> <span class='ocrx_word' id='word_1_473' title='bbox 1460 2009 1572 2039; x_wconf 86' lang='lat' dir='ltr'>patrum</span> <span class='ocrx_word' id='word_1_474' title='bbox 1590 2005 1667 2031; x_wconf 87' lang='lat' dir='ltr'>dicta</span> <span class='ocrx_word' id='word_1_475' title='bbox 1690 2005 1870 2031; x_wconf 89' lang='lat' dir='ltr'>subiecimus.</span> <span class='ocrx_word' id='word_1_476' title='bbox 1911 2005 2031 2031; x_wconf 88' lang='lat' dir='ltr'>Primum</span> 
     </span>
     <span class='ocr_line' id='line_1_40' title="bbox 381 2053 1704 2096; baseline -0.002 -10"><span class='ocrx_word' id='word_1_477' title='bbox 381 2061 499 2094; x_wconf 67' lang='lat' dir='ltr'>tamen,</span> <span class='ocrx_word' id='word_1_478' title='bbox 524 2061 599 2086; x_wconf 85' lang='lat' dir='ltr'>unde</span> <span class='ocrx_word' id='word_1_479' title='bbox 625 2060 827 2096; x_wconf 68' lang='lat' dir='ltr'>adorandarum</span> <span class='ocrx_word' id='word_1_480' title='bbox 852 2059 1000 2093; x_wconf 75' lang='lat' dir='ltr'>imaginum</span> <span class='ocrx_word' id='word_1_481' title='bbox 1025 2059 1101 2093; x_wconf 76' lang='lat' dir='ltr'>origo</span> <span class='ocrx_word' id='word_1_482' title='bbox 1126 2058 1285 2091; x_wconf 82' lang='lat' dir='ltr'>inoleverit,</span> <span class='ocrx_word' id='word_1_483' title='bbox 1310 2067 1415 2093; x_wconf 87' lang='lat' dir='ltr'>ponere</span> <span class='ocrx_word' id='word_1_484' title='bbox 1440 2053 1517 2085; x_wconf 78' lang='lat' dir='ltr'>utile</span> <span class='ocrx_word' id='word_1_485' title='bbox 1543 2053 1704 2084; x_wconf 75' lang='lat' dir='ltr'>duximus.</span> 
     </span>
    </p>

    <p class='ocr_par' dir='ltr' id='par_1_8' title="bbox 381 2106 2033 2201">
     <span class='ocr_line' id='line_1_41' title="bbox 489 2106 2031 2149; baseline -0.001 -10"><span class='ocrx_word' id='word_1_486' title='bbox 489 2108 608 2139; x_wconf 78' lang='lat' dir='ltr'>Scribit</span> <span class='ocrx_word' id='word_1_487' title='bbox 640 2109 749 2149; x_wconf 83' lang='lat' dir='ltr'>itaque</span> <span class='ocrx_word' id='word_1_488' title='bbox 774 2107 887 2138; x_wconf 82' lang='lat' dir='ltr'>beatus</span> <span class='ocrx_word' id='word_1_489' title='bbox 911 2107 1113 2149; x_wconf 80' lang='lat' dir='ltr'>Augustinus</span> <span class='ocrx_word' id='word_1_490' title='bbox 1138 2107 1169 2137; x_wconf 91' lang='lat' dir='ltr'>in</span> <span class='ocrx_word' id='word_1_491' title='bbox 1195 2106 1276 2137; x_wconf 85' lang='lat' dir='ltr'>libro</span> <span class='ocrx_word' id='word_1_492' title='bbox 1308 2107 1347 2138; x_wconf 89' lang='lat' dir='ltr'>de</span> <span class='ocrx_word' id='word_1_493' title='bbox 1379 2107 1516 2137; x_wconf 82' lang='lat' dir='ltr'>diversis</span> <span class='ocrx_word' id='word_1_494' title='bbox 1541 2106 1702 2137; x_wconf 85' lang='lat' dir='ltr'>eresibus:</span> <span class='ocrx_word' id='word_1_495' title='bbox 1733 2108 1916 2146; x_wconf 69' lang='lat' dir='ltr'>Symoniani³</span> <span class='ocrx_word' id='word_1_496' title='bbox 1939 2120 1956 2137; x_wconf 80' lang='lat' dir='ltr'>a</span> <span class='ocrx_word' id='word_1_497' title='bbox 1979 2111 2031 2146; x_wconf 69' lang='lat' dir='ltr'>Sy-</span> 
     </span>
     <span class='ocr_line' id='line_1_42' title="bbox 381 2164 2033 2201; baseline -0.002 -9"><span class='ocrx_word' id='word_1_498' title='bbox 381 2176 460 2193; x_wconf 83' lang='grc'><strong>1110116</strong></span> <span class='ocrx_word' id='word_1_499' title='bbox 492 2176 582 2201; x_wconf 69' lang='lat' dir='ltr'>mago.</span> <span class='ocrx_word' id='word_1_500' title='bbox 617 2167 663 2201; x_wconf 79' lang='lat' dir='ltr'>qui</span> <span class='ocrx_word' id='word_1_501' title='bbox 694 2167 854 2200; x_wconf 79' lang='lat' dir='ltr'>baptizatus</span> <span class='ocrx_word' id='word_1_502' title='bbox 886 2174 901 2192; x_wconf 86' lang='lat' dir='ltr'>a</span> <span class='ocrx_word' id='word_1_503' title='bbox 925 2166 1055 2199; x_wconf 87' lang='lat' dir='ltr'>Philippo</span> <span class='ocrx_word' id='word_1_504' title='bbox 1088 2166 1214 2193; x_wconf 76' lang='lat' dir='ltr'>diacono,</span> <span class='ocrx_word' id='word_1_505' title='bbox 1246 2165 1317 2191; x_wconf 85' lang='lat' dir='ltr'>sicut</span> <span class='ocrx_word' id='word_1_506' title='bbox 1349 2166 1376 2191; x_wconf 92' lang='lat' dir='ltr'>in</span> <span class='ocrx_word' id='word_1_507' title='bbox 1409 2165 1517 2191; x_wconf 81' lang='lat' dir='ltr'>actibus</span> <span class='ocrx_word' id='word_1_508' title='bbox 1548 2167 1736 2199; x_wconf 76' lang='lat' dir='ltr'>apostoloriun</span> <span class='ocrx_word' id='word_1_509' title='bbox 1766 2164 1881 2199; x_wconf 76' lang='lat' dir='ltr'>legitur,</span> <span class='ocrx_word' id='word_1_510' title='bbox 1912 2165 2033 2198; x_wconf 81' lang='lat' dir='ltr'>pecunia</span> 
     </span>
    </p>
   </div>
   <div class='ocr_carea' id='block_1_6' title="bbox 381 2216 2030 2254">
    <p class='ocr_par' dir='ltr' id='par_1_9' title="bbox 381 2216 2030 2254">
     <span class='ocr_line' id='line_1_43' title="bbox 381 2216 2030 2254; baseline -0.001 -9"><span class='ocrx_word' id='word_1_511' title='bbox 381 2220 467 2246; x_wconf 78' lang='lat' dir='ltr'>voluit</span> <span class='ocrx_word' id='word_1_512' title='bbox 494 2230 509 2246; x_wconf 88' lang='lat' dir='ltr'>a</span> <span class='ocrx_word' id='word_1_513' title='bbox 533 2221 636 2246; x_wconf 81' lang='lat' dir='ltr'>sanctis</span> <span class='ocrx_word' id='word_1_514' title='bbox 661 2219 794 2254; x_wconf 83' lang='lat' dir='ltr'>apostolis</span> <span class='ocrx_word' id='word_1_515' title='bbox 821 2228 924 2251; x_wconf 79' lang='lat' dir='ltr'>emere,</span> <span class='ocrx_word' id='word_1_516' title='bbox 957 2223 987 2244; x_wconf 84' lang='lat' dir='ltr'>ut</span> <span class='ocrx_word' id='word_1_517' title='bbox 1021 2219 1104 2244; x_wconf 79' lang='lat' dir='ltr'>ctiam</span> <span class='ocrx_word' id='word_1_518' title='bbox 1128 2228 1180 2253; x_wconf 88' lang='lat' dir='ltr'>per</span> <span class='ocrx_word' id='word_1_519' title='bbox 1204 2219 1408 2252; x_wconf 87' lang='lat' dir='ltr'>impositionem</span> <span class='ocrx_word' id='word_1_520' title='bbox 1440 2227 1537 2244; x_wconf 91' lang='lat' dir='ltr'>manus</span> <span class='ocrx_word' id='word_1_521' title='bbox 1569 2218 1594 2243; x_wconf 92' lang='lat' dir='ltr'>ei</span> <span class='ocrx_word' id='word_1_522' title='bbox 1623 2218 1738 2243; x_wconf 89' lang='lat' dir='ltr'>daretur</span> <span class='ocrx_word' id='word_1_523' title='bbox 1762 2216 1883 2251; x_wconf 85' lang='lat' dir='ltr'>Spiritus</span> <span class='ocrx_word' id='word_1_524' title='bbox 1907 2222 2030 2243; x_wconf 79' lang='lat' dir='ltr'>sanctus.</span> 
     </span>
    </p>
   </div>
   <div class='ocr_carea' id='block_1_7' title="bbox 382 2302 2032 2562">
    <p class='ocr_par' dir='ltr' id='par_1_10' title="bbox 382 2302 2032 2562">
     <span class='ocr_line' id='line_1_44' title="bbox 488 2302 2032 2337; baseline -0.002 -7"><span class='ocrx_word' id='word_1_525' title='bbox 488 2307 567 2330; x_wconf 84' lang='lat' dir='ltr'>XIII.</span> <span class='ocrx_word' id='word_1_526' title='bbox 599 2308 609 2330; x_wconf 92' lang='lat'>1</span> <span class='ocrx_word' id='word_1_527' title='bbox 635 2306 806 2330; x_wconf 78' lang='lat' dir='ltr'>laudabimus</span> <span class='ocrx_word' id='word_1_528' title='bbox 827 2306 853 2329; x_wconf 94' lang='grc' dir='ltr'>Γ.</span> <span class='ocrx_word' id='word_1_529' title='bbox 927 2307 942 2329; x_wconf 77' lang='grc'>2</span> <span class='ocrx_word' id='word_1_530' title='bbox 963 2305 1092 2337; x_wconf 73' lang='lat' dir='ltr'>dispectis</span> <span class='ocrx_word' id='word_1_531' title='bbox 1115 2305 1139 2328; x_wconf 98' lang='grc' dir='ltr'>Γ.</span> <span class='ocrx_word' id='word_1_532' title='bbox 1214 2306 1229 2328; x_wconf 77' lang='lat'>4</span> <span class='ocrx_word' id='word_1_533' title='bbox 1249 2302 1323 2336; x_wconf 85' lang='lat' dir='ltr'>quid]</span> <span class='ocrx_word' id='word_1_534' title='bbox 1339 2305 1411 2336; x_wconf 85' lang='lat' dir='ltr'>quod</span> <span class='ocrx_word' id='word_1_535' title='bbox 1430 2305 1455 2328; x_wconf 90' lang='grc' dir='ltr'>Γ.</span> <span class='ocrx_word' id='word_1_536' title='bbox 1530 2305 1543 2328; x_wconf 80' lang='grc' dir='ltr'><strong>Τ</strong></span> <span class='ocrx_word' id='word_1_537' title='bbox 1564 2304 1693 2328; x_wconf 64' lang='lat' dir='ltr'>suricibus</span> <span class='ocrx_word' id='word_1_538' title='bbox 1714 2303 1740 2327; x_wconf 81' lang='grc' dir='ltr'>Γ.</span> <span class='ocrx_word' id='word_1_539' title='bbox 1814 2304 1829 2327; x_wconf 82' lang='grc'>8</span> <span class='ocrx_word' id='word_1_540' title='bbox 1849 2304 1986 2335; x_wconf 83' lang='lat' dir='ltr'>genereris</span> <span class='ocrx_word' id='word_1_541' title='bbox 2006 2303 2032 2327; x_wconf 89' lang='grc' dir='ltr'>Γ.</span> 
     </span>
     <span class='ocr_line' id='line_1_45' title="bbox 384 2346 2031 2381; baseline -0.002 -7"><span class='ocrx_word' id='word_1_542' title='bbox 384 2352 415 2374; x_wconf 79' lang='lat' dir='ltr'>lo</span> <span class='ocrx_word' id='word_1_543' title='bbox 436 2349 550 2381; x_wconf 70' lang='lat' dir='ltr'>admisit]</span> <span class='ocrx_word' id='word_1_544' title='bbox 571 2352 659 2374; x_wconf 70' lang='lat' dir='ltr'>amisit</span> <span class='ocrx_word' id='word_1_545' title='bbox 680 2350 705 2375; x_wconf 90' lang='grc' dir='ltr'>Γ.</span> <span class='ocrx_word' id='word_1_546' title='bbox 798 2351 971 2375; x_wconf 74' lang='lat' dir='ltr'>discretionis</span> <span class='ocrx_word' id='word_1_547' title='bbox 999 2350 1189 2373; x_wconf 76' lang='lat' dir='ltr'>condisccsces</span> <span class='ocrx_word' id='word_1_548' title='bbox 1210 2349 1236 2372; x_wconf 92' lang='grc' dir='ltr'>Γ.</span> <span class='ocrx_word' id='word_1_549' title='bbox 1331 2350 1361 2373; x_wconf 81' lang='grc'>12</span> <span class='ocrx_word' id='word_1_550' title='bbox 1390 2346 1544 2378; x_wconf 78' lang='lat' dir='ltr'>excelleret]</span> <span class='ocrx_word' id='word_1_551' title='bbox 1575 2347 1713 2372; x_wconf 84' lang='lat' dir='ltr'>excoleret</span> <span class='ocrx_word' id='word_1_552' title='bbox 1736 2347 1762 2371; x_wconf 75' lang='grc' dir='ltr'>Γ.</span> <span class='ocrx_word' id='word_1_553' title='bbox 1857 2349 1887 2372; x_wconf 84' lang='grc'>13</span> <span class='ocrx_word' id='word_1_554' title='bbox 1909 2348 1984 2371; x_wconf 78' lang='lat' dir='ltr'>Haec</span> <span class='ocrx_word' id='word_1_555' title='bbox 2007 2348 2031 2371; x_wconf 86' lang='grc' dir='ltr'>Γ.</span> 
     </span>
     <span class='ocr_line' id='line_1_46' title="bbox 382 2392 2032 2425; baseline -0.001 -8"><span class='ocrx_word' id='word_1_556' title='bbox 382 2392 453 2425; x_wconf 72' lang='lat' dir='ltr'>tuos]</span> <span class='ocrx_word' id='word_1_557' title='bbox 474 2403 522 2418; x_wconf 71' lang='lat' dir='ltr'>vos</span> <span class='ocrx_word' id='word_1_558' title='bbox 543 2395 567 2418; x_wconf 90' lang='grc' dir='ltr'>Γ.</span> <span class='ocrx_word' id='word_1_559' title='bbox 636 2397 667 2418; x_wconf 68' lang='grc'>111</span> <span class='ocrx_word' id='word_1_560' title='bbox 687 2401 712 2418; x_wconf 72' lang='lat' dir='ltr'>tv</span> <span class='ocrx_word' id='word_1_561' title='bbox 733 2395 797 2419; x_wconf 53' lang='lat' dir='ltr'>alces-t</span> <span class='ocrx_word' id='word_1_562' title='bbox 817 2394 842 2418; x_wconf 88' lang='grc' dir='ltr'>Γ.</span> <span class='ocrx_word' id='word_1_563' title='bbox 910 2395 942 2418; x_wconf 72' lang='grc'>18</span> <span class='ocrx_word' id='word_1_564' title='bbox 962 2395 1076 2419; x_wconf 77' lang='lat' dir='ltr'>diversis</span> <span class='ocrx_word' id='word_1_565' title='bbox 1094 2407 1123 2409; x_wconf 85' lang='lat'>—</span> <span class='ocrx_word' id='word_1_566' title='bbox 1137 2394 1199 2417; x_wconf 80' lang='lat' dir='ltr'>filiis</span> <span class='ocrx_word' id='word_1_567' title='bbox 1220 2394 1246 2417; x_wconf 92' lang='grc' dir='ltr'>Γ.</span> <span class='ocrx_word' id='word_1_568' title='bbox 1314 2395 1345 2417; x_wconf 82' lang='grc'>19</span> <span class='ocrx_word' id='word_1_569' title='bbox 1366 2395 1438 2417; x_wconf 79' lang='grc'><strong>0111111</strong></span> <span class='ocrx_word' id='word_1_570' title='bbox 1456 2393 1611 2417; x_wconf 78' lang='lat' dir='ltr'>manufacto</span> <span class='ocrx_word' id='word_1_571' title='bbox 1632 2393 1658 2416; x_wconf 92' lang='grc' dir='ltr'>Γ.</span> <span class='ocrx_word' id='word_1_572' title='bbox 1723 2393 1756 2416; x_wconf 84' lang='grc'>20</span> <span class='ocrx_word' id='word_1_573' title='bbox 1776 2393 1903 2424; x_wconf 86' lang='lat' dir='ltr'>qnoniam</span> <span class='ocrx_word' id='word_1_574' title='bbox 1922 2392 1986 2416; x_wconf 69' lang='lat' dir='ltr'>deest</span> <span class='ocrx_word' id='word_1_575' title='bbox 2009 2393 2032 2416; x_wconf 93' lang='grc' dir='ltr'>Γ.</span> 
     </span>
     <span class='ocr_line' id='line_1_47' title="bbox 383 2434 2032 2471; baseline -0.001 -9"><span class='ocrx_word' id='word_1_576' title='bbox 383 2441 503 2470; x_wconf 78' lang='lat' dir='ltr'>picturae</span> <span class='ocrx_word' id='word_1_577' title='bbox 520 2440 650 2469; x_wconf 60' lang='lat' dir='ltr'>imag-ines</span> <span class='ocrx_word' id='word_1_578' title='bbox 668 2440 694 2463; x_wconf 94' lang='grc' dir='ltr'>Γ.</span> <span class='ocrx_word' id='word_1_579' title='bbox 752 2440 782 2463; x_wconf 78' lang='lat'>21</span> <span class='ocrx_word' id='word_1_580' title='bbox 799 2440 859 2471; x_wconf 85' lang='lat' dir='ltr'>ipsa</span> <span class='ocrx_word' id='word_1_581' title='bbox 873 2439 986 2463; x_wconf 81' lang='lat' dir='ltr'>historia</span> <span class='ocrx_word' id='word_1_582' title='bbox 1004 2439 1029 2462; x_wconf 95' lang='grc' dir='ltr'>Γ.</span> <span class='ocrx_word' id='word_1_583' title='bbox 1089 2439 1122 2462; x_wconf 78' lang='grc'>22</span> <span class='ocrx_word' id='word_1_584' title='bbox 1137 2436 1220 2470; x_wconf 76' lang='lat' dir='ltr'>quod]</span> <span class='ocrx_word' id='word_1_585' title='bbox 1236 2439 1299 2469; x_wconf 80' lang='lat' dir='ltr'>quia</span> <span class='ocrx_word' id='word_1_586' title='bbox 1317 2438 1343 2461; x_wconf 88' lang='grc' dir='ltr'>Γ.</span> <span class='ocrx_word' id='word_1_587' title='bbox 1400 2438 1503 2461; x_wconf 83' lang='lat' dir='ltr'>discere</span> <span class='ocrx_word' id='word_1_588' title='bbox 1522 2437 1548 2460; x_wconf 94' lang='grc' dir='ltr'>Γ.</span> <span class='ocrx_word' id='word_1_589' title='bbox 1608 2434 1646 2467; x_wconf 83' lang='lat' dir='ltr'>es]</span> <span class='ocrx_word' id='word_1_590' title='bbox 1662 2440 1701 2461; x_wconf 88' lang='lat' dir='ltr'>est</span> <span class='ocrx_word' id='word_1_591' title='bbox 1719 2437 1745 2460; x_wconf 88' lang='grc' dir='ltr'>Γ.</span> <span class='ocrx_word' id='word_1_592' title='bbox 1803 2438 1835 2461; x_wconf 78' lang='lat'>24</span> <span class='ocrx_word' id='word_1_593' title='bbox 1849 2440 1912 2460; x_wconf 81' lang='lat' dir='ltr'>sunt</span> <span class='ocrx_word' id='word_1_594' title='bbox 1925 2437 1991 2460; x_wconf 70' lang='lat' dir='ltr'>deest</span> <span class='ocrx_word' id='word_1_595' title='bbox 2006 2437 2032 2460; x_wconf 88' lang='grc' dir='ltr'>Γ.</span> 
     </span>
     <span class='ocr_line' id='line_1_48' title="bbox 382 2479 2032 2513; baseline -0.002 -5"><span class='ocrx_word' id='word_1_596' title='bbox 382 2484 414 2508; x_wconf 75' lang='grc'><strong>26</strong></span> <span class='ocrx_word' id='word_1_597' title='bbox 436 2484 541 2507; x_wconf 78' lang='lat' dir='ltr'>fuerant</span> <span class='ocrx_word' id='word_1_598' title='bbox 564 2484 588 2509; x_wconf 89' lang='grc' dir='ltr'>Γ.</span> <span class='ocrx_word' id='word_1_599' title='bbox 663 2485 693 2508; x_wconf 67' lang='grc'>*27</span> <span class='ocrx_word' id='word_1_600' title='bbox 717 2492 762 2508; x_wconf 78' lang='lat' dir='ltr'>cos</span> <span class='ocrx_word' id='word_1_601' title='bbox 781 2484 846 2507; x_wconf 51' lang='lat' dir='ltr'>«less-c</span> <span class='ocrx_word' id='word_1_602' title='bbox 868 2484 894 2507; x_wconf 90' lang='grc' dir='ltr'>Γ.</span> <span class='ocrx_word' id='word_1_603' title='bbox 969 2484 998 2507; x_wconf 87' lang='grc'>31</span> <span class='ocrx_word' id='word_1_604' title='bbox 1023 2480 1064 2513; x_wconf 72' lang='lat' dir='ltr'>ex]</span> <span class='ocrx_word' id='word_1_605' title='bbox 1086 2487 1111 2507; x_wconf 85' lang='lat' dir='ltr'>ct</span> <span class='ocrx_word' id='word_1_606' title='bbox 1132 2483 1157 2506; x_wconf 94' lang='grc' dir='ltr'>Γ.</span> <span class='ocrx_word' id='word_1_607' title='bbox 1233 2484 1265 2506; x_wconf 77' lang='lat'>34</span> <span class='ocrx_word' id='word_1_608' title='bbox 1287 2480 1341 2512; x_wconf 69' lang='lat' dir='ltr'>eas]</span> <span class='ocrx_word' id='word_1_609' title='bbox 1362 2491 1390 2506; x_wconf 80' lang='lat' dir='ltr'>as</span> <span class='ocrx_word' id='word_1_610' title='bbox 1411 2482 1436 2505; x_wconf 94' lang='grc' dir='ltr'>Γ.</span> <span class='ocrx_word' id='word_1_611' title='bbox 1506 2483 1538 2505; x_wconf 79' lang='grc'>35</span> <span class='ocrx_word' id='word_1_612' title='bbox 1559 2482 1725 2505; x_wconf 64' lang='lat' dir='ltr'>subiet-imur</span> <span class='ocrx_word' id='word_1_613' title='bbox 1746 2481 1771 2505; x_wconf 89' lang='grc' dir='ltr'>Γ.</span> <span class='ocrx_word' id='word_1_614' title='bbox 1846 2481 1878 2505; x_wconf 85' lang='grc'>36</span> <span class='ocrx_word' id='word_1_615' title='bbox 1899 2479 2032 2511; x_wconf 79' lang='lat' dir='ltr'>duximus]</span> 
     </span>
     <span class='ocr_line' id='line_1_49' title="bbox 383 2525 1305 2562; baseline -0.001 -11"><span class='ocrx_word' id='word_1_616' title='bbox 383 2529 496 2552; x_wconf 83' lang='lat' dir='ltr'>diximus</span> <span class='ocrx_word' id='word_1_617' title='bbox 519 2528 544 2551; x_wconf 91' lang='grc' dir='ltr'>Γ.</span> <span class='ocrx_word' id='word_1_618' title='bbox 619 2530 649 2552; x_wconf 69' lang='lat'>23&#39;1&#39;</span> <span class='ocrx_word' id='word_1_619' title='bbox 672 2526 838 2559; x_wconf 56' lang='lat' dir='ltr'>Sym-unani]</span> <span class='ocrx_word' id='word_1_620' title='bbox 860 2529 970 2562; x_wconf 74' lang='lat' dir='ltr'>Symoni</span> <span class='ocrx_word' id='word_1_621' title='bbox 993 2528 1018 2551; x_wconf 91' lang='grc' dir='ltr'>Γ.</span> <span class='ocrx_word' id='word_1_622' title='bbox 1092 2528 1124 2551; x_wconf 82' lang='grc'>39</span> <span class='ocrx_word' id='word_1_623' title='bbox 1146 2525 1179 2557; x_wconf 60' lang='lat' dir='ltr'>eij</span> <span class='ocrx_word' id='word_1_624' title='bbox 1201 2528 1258 2550; x_wconf 77' lang='lat' dir='ltr'>cius</span> <span class='ocrx_word' id='word_1_625' title='bbox 1280 2527 1305 2550; x_wconf 96' lang='grc' dir='ltr'>Γ.</span> 
     </span>
    </p>
   </div>
   <div class='ocr_carea' id='block_1_8' title="bbox 382 2607 2035 2751">
    <p class='ocr_par' dir='ltr' id='par_1_11' title="bbox 382 2607 2035 2751">
     <span class='ocr_line' id='line_1_50' title="bbox 492 2607 2033 2646; baseline -0.003 -10"><span class='ocrx_word' id='word_1_626' title='bbox 492 2610 520 2637; x_wconf 90' lang='grc'>1)</span> <span class='ocrx_word' id='word_1_627' title='bbox 548 2608 703 2646; x_wconf 56' lang='lat' dir='ltr'>Grefsom&#39;as</span> <span class='ocrx_word' id='word_1_628' title='bbox 730 2610 780 2643; x_wconf 76' lang='lat' dir='ltr'>.l[.,</span> <span class='ocrx_word' id='word_1_629' title='bbox 811 2610 938 2646; x_wconf 66' lang='lat' dir='ltr'>Epistola</span> <span class='ocrx_word' id='word_1_630' title='bbox 963 2610 1090 2642; x_wconf 73' lang='lat' dir='ltr'>laudata,</span> <span class='ocrx_word' id='word_1_631' title='bbox 1118 2608 1190 2636; x_wconf 74' lang='lat' dir='ltr'>JJG.</span> <span class='ocrx_word' id='word_1_632' title='bbox 1217 2608 1295 2645; x_wconf 60' lang='grc' dir='ltr'>ΕΜ).</span> <span class='ocrx_word' id='word_1_633' title='bbox 1321 2608 1360 2637; x_wconf 84' lang='grc' dir='ltr'>ΙΙ,</span> <span class='ocrx_word' id='word_1_634' title='bbox 1378 2610 1451 2636; x_wconf 66' lang='lat'>271.</span> <span class='ocrx_word' id='word_1_635' title='bbox 1500 2607 1606 2634; x_wconf 70' lang='lat' dir='ltr'>Verba.-</span> <span class='ocrx_word' id='word_1_636' title='bbox 1632 2607 1740 2633; x_wconf 80' lang='lat' dir='ltr'>Cuncta</span> <span class='ocrx_word' id='word_1_637' title='bbox 1760 2622 1796 2625; x_wconf 97' lang='lat'><strong>—</strong></span> <span class='ocrx_word' id='word_1_638' title='bbox 1816 2607 2033 2642; x_wconf 86' lang='lat' dir='ltr'>dispensationis</span> 
     </span>
     <span class='ocr_line' id='line_1_51' title="bbox 383 2660 2035 2698; baseline -0.002 -9"><span class='ocrx_word' id='word_1_639' title='bbox 383 2664 413 2698; x_wconf 63' lang='grc' dir='ltr'>(Ἰ.</span> <span class='ocrx_word' id='word_1_640' title='bbox 440 2660 547 2698; x_wconf 53' lang='grc' dir='ltr'>.’)’1.κ·ι[.’1</span> <span class='ocrx_word' id='word_1_641' title='bbox 574 2662 770 2689; x_wconf 62' lang='grc' dir='ltr'>(Ῐ6.&lt;ῖ(ἷιί“(ιηίιιι’</span> <span class='ocrx_word' id='word_1_642' title='bbox 795 2663 821 2690; x_wconf 75' lang='lat' dir='ltr'>in</span> <span class='ocrx_word' id='word_1_643' title='bbox 847 2663 982 2698; x_wconf 65' lang='lat' dir='ltr'>synodica</span> <span class='ocrx_word' id='word_1_644' title='bbox 1009 2662 1172 2689; x_wconf 46' lang='lat' dir='ltr'>Paris-ioasi.</span> <span class='ocrx_word' id='word_1_645' title='bbox 1274 2662 1303 2693; x_wconf 75' lang='grc'>2)</span> <span class='ocrx_word' id='word_1_646' title='bbox 1328 2661 1359 2688; x_wconf 84' lang='grc' dir='ltr'>Γ.</span> <span class='ocrx_word' id='word_1_647' title='bbox 1384 2671 1473 2697; x_wconf 73' lang='lat' dir='ltr'>supra</span> <span class='ocrx_word' id='word_1_648' title='bbox 1492 2671 1525 2697; x_wconf 73' lang='lat' dir='ltr'>p.</span> <span class='ocrx_word' id='word_1_649' title='bbox 1543 2662 1605 2689; x_wconf 63' lang='lat'>489</span> <span class='ocrx_word' id='word_1_650' title='bbox 1630 2661 1646 2687; x_wconf 78' lang='lat' dir='ltr'>l.</span> <span class='ocrx_word' id='word_1_651' title='bbox 1670 2662 1708 2688; x_wconf 76' lang='grc'>17</span> <span class='ocrx_word' id='word_1_652' title='bbox 1720 2670 1791 2696; x_wconf 70' lang='lat' dir='ltr'>sqq.y</span> <span class='ocrx_word' id='word_1_653' title='bbox 1817 2660 1889 2687; x_wconf 67' lang='lat' dir='ltr'>mide</span> <span class='ocrx_word' id='word_1_654' title='bbox 1912 2664 2035 2696; x_wconf 75' lang='lat' dir='ltr'>appare!</span> 
     </span>
     <span class='ocr_line' id='line_1_52' title="bbox 382 2712 2034 2751; baseline -0.001 -10"><span class='ocrx_word' id='word_1_655' title='bbox 382 2715 466 2742; x_wconf 67' lang='lat' dir='ltr'>verba</span> <span class='ocrx_word' id='word_1_656' title='bbox 492 2713 591 2751; x_wconf 65' lang='lat' dir='ltr'>(snpra</span> <span class='ocrx_word' id='word_1_657' title='bbox 616 2715 713 2742; x_wconf 69' lang='lat' dir='ltr'>litteris</span> <span class='ocrx_word' id='word_1_658' title='bbox 732 2716 834 2751; x_wconf 63' lang='lat' dir='ltr'>porris</span> <span class='ocrx_word' id='word_1_659' title='bbox 859 2714 1006 2751; x_wconf 50' lang='lat' dir='ltr'>cupressu)</span> <span class='ocrx_word' id='word_1_660' title='bbox 1033 2725 1086 2742; x_wconf 79' lang='lat' dir='ltr'>non</span> <span class='ocrx_word' id='word_1_661' title='bbox 1113 2725 1147 2742; x_wconf 68' lang='lat' dir='ltr'>ea:</span> <span class='ocrx_word' id='word_1_662' title='bbox 1173 2713 1313 2751; x_wconf 70' lang='lat' dir='ltr'>Grcyorc&#39;n</span> <span class='ocrx_word' id='word_1_663' title='bbox 1331 2714 1460 2751; x_wconf 49' lang='lat' dir='ltr'>flavisse,</span> <span class='ocrx_word' id='word_1_664' title='bbox 1486 2714 1536 2741; x_wconf 76' lang='lat' dir='ltr'>sed</span> <span class='ocrx_word' id='word_1_665' title='bbox 1567 2714 1692 2750; x_wconf 73' lang='lat' dir='ltr'>conflata</span> <span class='ocrx_word' id='word_1_666' title='bbox 1722 2723 1778 2740; x_wconf 67' lang='lat' dir='ltr'>esse</span> <span class='ocrx_word' id='word_1_667' title='bbox 1807 2723 1824 2739; x_wconf 82' lang='lat' dir='ltr'>a</span> <span class='ocrx_word' id='word_1_668' title='bbox 1855 2712 2034 2749; x_wconf 68' lang='lat' dir='ltr'>synodalibus</span> 
     </span>
    </p>
   </div>
   <div class='ocr_carea' id='block_1_9' title="bbox 383 2768 1194 2804">
    <p class='ocr_par' dir='ltr' id='par_1_12' title="bbox 383 2768 1194 2804">
     <span class='ocr_line' id='line_1_53' title="bbox 383 2768 1194 2804; baseline 0 -9"><span class='ocrx_word' id='word_1_669' title='bbox 383 2768 598 2795; x_wconf 54' lang='lat' dir='ltr'>I&#39;cuu&#39;simrsibns.</span> <span class='ocrx_word' id='word_1_670' title='bbox 693 2769 721 2793; x_wconf 67' lang='lat'>3»</span> <span class='ocrx_word' id='word_1_671' title='bbox 747 2769 776 2795; x_wconf 90' lang='grc' dir='ltr'>Γ.</span> <span class='ocrx_word' id='word_1_672' title='bbox 802 2778 889 2804; x_wconf 70' lang='lat' dir='ltr'>supra·</span> <span class='ocrx_word' id='word_1_673' title='bbox 912 2780 941 2804; x_wconf 69' lang='lat' dir='ltr'>p.</span> <span class='ocrx_word' id='word_1_674' title='bbox 960 2770 1021 2796; x_wconf 49' lang='lat'>4⁸9</span> <span class='ocrx_word' id='word_1_675' title='bbox 1046 2769 1062 2795; x_wconf 89' lang='grc' dir='ltr'>Ι.</span> <span class='ocrx_word' id='word_1_676' title='bbox 1082 2772 1123 2796; x_wconf 67' lang='grc'>22</span> <span class='ocrx_word' id='word_1_677' title='bbox 1135 2778 1194 2804; x_wconf 72' lang='lat' dir='ltr'>sqq.</span> 
     </span>
    </p>
   </div>
   <div class='ocr_carea' id='block_1_10' title="bbox 2050 676 2076 695">
    <p class='ocr_par' dir='ltr' id='par_1_13' title="bbox 2050 676 2076 695">
     <span class='ocr_line' id='line_1_54' title="bbox 2050 676 2076 695; baseline -0.038 0"><span class='ocrx_word' id='word_1_678' title='bbox 2050 676 2076 695; x_wconf 84' lang='lat' dir='ltr'>lo</span> 
     </span>
    </p>
   </div>
   <div class='ocr_carea' id='block_1_11' title="bbox 2050 945 2076 963">
    <p class='ocr_par' dir='ltr' id='par_1_14' title="bbox 2050 945 2076 963">
     <span class='ocr_line' id='line_1_55' title="bbox 2050 945 2076 963; baseline 0 0"><span class='ocrx_word' id='word_1_679' title='bbox 2050 945 2076 963; x_wconf 80' lang='lat'>15</span> 
     </span>
    </p>
   </div>
   <div class='ocr_carea' id='block_1_12' title="bbox 2051 1210 2077 1228">
    <p class='ocr_par' dir='ltr' id='par_1_15' title="bbox 2051 1210 2077 1228">
     <span class='ocr_line' id='line_1_56' title="bbox 2051 1210 2077 1228; baseline 0 0"><span class='ocrx_word' id='word_1_680' title='bbox 2051 1210 2077 1228; x_wconf 79' lang='lat'>20</span> 
     </span>
    </p>
   </div>
   <div class='ocr_carea' id='block_1_13' title="bbox 2051 1475 2078 1494">
    <p class='ocr_par' dir='ltr' id='par_1_16' title="bbox 2051 1475 2078 1494">
     <span class='ocr_line' id='line_1_57' title="bbox 2051 1475 2078 1494; baseline 0.037 -1"><span class='ocrx_word' id='word_1_681' title='bbox 2051 1475 2078 1494; x_wconf 71' lang='lat'>25</span> 
     </span>
    </p>
   </div>
   <div class='ocr_carea' id='block_1_14' title="bbox 2051 1745 2078 1763">
    <p class='ocr_par' dir='ltr' id='par_1_17' title="bbox 2051 1745 2078 1763">
     <span class='ocr_line' id='line_1_58' title="bbox 2051 1745 2078 1763; baseline 0 0"><span class='ocrx_word' id='word_1_682' title='bbox 2051 1745 2078 1763; x_wconf 78' lang='grc'>80</span> 
     </span>
    </p>
   </div>
   <div class='ocr_carea' id='block_1_15' title="bbox 2052 2011 2078 2030">
    <p class='ocr_par' dir='ltr' id='par_1_18' title="bbox 2052 2011 2078 2030">
     <span class='ocr_line' id='line_1_59' title="bbox 2052 2011 2078 2030; baseline 0 0"><span class='ocrx_word' id='word_1_683' title='bbox 2052 2011 2078 2030; x_wconf 75' lang='grc'>35</span> 
     </span>
    </p>
   </div>
   <div class='ocr_carea' id='block_1_16' title="bbox 2052 2307 2081 2326">
    <p class='ocr_par' dir='ltr' id='par_1_19' title="bbox 2052 2307 2081 2326">
     <span class='ocr_line' id='line_1_60' title="bbox 2052 2307 2081 2326; baseline 0 0"><span class='ocrx_word' id='word_1_684' title='bbox 2052 2307 2081 2326; x_wconf 70' lang='lat'>40</span> 
     </span>
    </p>
   </div>
   <div class='ocr_carea' id='block_1_17' title="bbox 2052 2528 2079 2546">
    <p class='ocr_par' dir='ltr' id='par_1_20' title="bbox 2052 2528 2079 2546">
     <span class='ocr_line' id='line_1_61' title="bbox 2052 2528 2079 2546; baseline 0 0"><span class='ocrx_word' id='word_1_685' title='bbox 2052 2528 2079 2546; x_wconf 76' lang='lat'>45</span> 
     </span>
    </p>
   </div>
  </div>
 </body>
</html>
