2215 3052
210 314 293 334 ol'.Luc.
303 313 367 336 10‚30.

235 525 326 544 Lue.10.
336 525 367 544 35.

176 623 202 640 ct⁴
214 622 365 645 Marc.16,14:

204 649 281 667 Manli.
292 650 324 671 ΞΗ,
335 650 366 667 17.

156 676 188 694 2303.
199 676 364 698 3351111.69sqs1.

252 1062 278 1081 el',
288 1061 367 1081 Manli.

280 1088 339 1107 5010.

212 1332 289 1351 Mami.
304 1332 366 1350 1.17.

230 1598 258 1618 (ῑίΑ
267 1600 284 1617 1,
292 1598 368 1617 Thess,

275 1626 293 1645 3,
303 1625 321 1644 5.

212 1812 369 1831 &Lm-,lala

253 1972 287 1990 Ps,
298 1972 328 1993 17,
339 1972 370 1991 21.

274 1999 346 2019 18,14.

256 2185 283 2202 ··1”.
293 2185 370 2203 Manli.

280 2212 299 2233 ἴ),
310 2212 342 2228 24,

387 151 450 180 802
809 153 859 179 61.
897 152 1115 180 CONCILIUM
1139 153 1458 180 INGELHEIMENSE
1483 153 1519 180 A.
1541 153 1614 180 840.

387 258 464 288 ergo
495 251 648 288 peccator
678 250 883 287 peccatorem
913 245 1001 277 licite
1033 245 1209 285 damnabit,
1243 246 1269 276 si
1299 257 1360 277 nec
1384 246 1503 277 iustum
1531 247 1599 277 sine
1624 245 1847 277 misericordia
1871 246 2034 288 corripere

388 300 487 330 sinit?
536 299 736 330 Semivivum
768 310 896 340 quoque
928 311 947 329 a
977 298 1166 338 latronibus,
1198 298 1233 330 id
1264 304 1312 330 est
1342 311 1362 330 a
1391 300 1479 330 vitiis
1509 299 1698 331 mortalibus
1729 304 1934 342 prostratum,
1969 310 2035 330 non

388 350 616 391 danmandum,
642 352 699 382 sed
723 352 940 394 reparandum
964 352 1086 393 ligandi
1111 352 1323 394 solvendique
1348 358 1541 394 potestatem
1572 352 1767 384 habentibus
1796 352 1907 383 divina
1930 352 2033 394 pietas

387 406 505 436 sanctis
537 405 776 436 commendavit
807 404 999 444 stabulariis,
1037 405 1154 447 quibus
1189 417 1253 436 non
1286 411 1411 437 tantum
1443 406 1482 436 de
1514 406 1617 448 pretio
1649 405 1786 437 duorum
1818 405 2033 444 denariorum,

387 470 499 489 verum
524 459 620 489 etiam
646 458 685 489 de
709 458 841 500 propria
865 457 1024 499 largitatis
1048 459 1169 500 pietate
1194 470 1427 501 supererogare
1446 459 1639 490 condolendi
1657 470 1695 490 ae
1712 458 1886 501 reparandi
1907 458 2034 500 copiam

387 512 496 549 suasit,
529 523 601 542 cum
627 511 724 542 dixit:
753 511 973 553 Qeaeffl‘lcumque
997 514 1270 554 snperemyaceris
1295 524 1358 554 eqo,
1383 525 1450 543 cam
1475 513 1609 551 rediero,
1634 508 1766 543 reddam
1791 513 1866 552 cibi,-
1897 512 1980 542 sicut
2004 516 2035 542 et

387 565 419 595 in
444 565 611 607 discipulis
636 575 699 595 non
725 565 857 595 minima
882 564 1036 595 divinitus
1061 565 1267 596 manifestata
1284 570 1333 595 est
1348 564 1581 607 recuperabilis
1599 565 1782 605 auctoritas,
1809 576 1882 595 cum
1905 564 1939 595 in
1962 575 2034 606 pas-

387 619 475 649 sione
502 618 663 648 dominica
687 618 855 659 promissa,
881 628 957 648 mox
980 623 1089 648 tamen
1106 619 1240 648 mentita
1257 623 1305 648 est
1321 617 1553 659 perseverandi
1570 618 1760 657 constantia,
1786 622 1858 659 post
1874 628 2034 648 resurrec-

386 672 506 702 tionem
538 676 644 702 autem
676 672 843 713 increpata
872 671 1082 702 incredulitas
1114 677 1145 701 et
1176 671 1272 702 stulta
1303 671 1409 702 cordis
1441 671 1570 701 duritia.
1617 670 1756 712 Negatio
1789 681 1916 712 quoque
1948 670 2036 700 Petri

387 725 484 754 anxia
508 736 572 755 non
596 724 821 766 perditionem,
847 724 903 755 sed
928 725 1152 755 remissionem
1176 725 1302 755 meruit.
1339 724 1377 754 In
1398 723 1514 766 quibus
1539 723 1688 754 omnibus
1713 723 1815 765 culpis
1841 723 2034 765 compuncti,

387 778 445 808 etsi
471 778 620 819 correpti,
646 789 850 819 nequaquam
876 783 984 808 tamen
1009 777 1137 816 abiecti,
1163 777 1221 808 sed
1245 778 1351 818 potius
1375 777 1518 818 pristinis
1544 776 1756 818 dignitatibus
1780 777 1928 815 restituti,
1960 777 2035 806 viri-

387 831 458 861 liter
482 837 595 872 postea
619 831 660 861 ad
684 837 820 861 mortem
845 842 947 872 usque
974 836 1179 861 certaverunt
1204 830 1357 861 mandata
1381 841 1511 860 servare
1536 830 1693 871 magistri.

494 893 627 924 Talibus
660 893 789 934 quidem
823 892 940 923 divinis
973 893 1132 923 animatus
1165 892 1343 930 benefieiis,
1376 896 1587 933 compunctus
1618 892 1651 922 in
1683 891 1876 933 supradictis
1909 891 2035 922 delictis

387 947 476 985 meis,
502 947 528 977 si
553 947 585 976 in
610 947 772 988 prosperis
797 946 903 987 legem
921 946 1052 976 Domini
1079 945 1219 986 neglexi,
1245 944 1286 975 ad
1312 945 1413 986 ipsam
1438 945 1471 975 in
1496 944 1642 975 adversis
1667 945 1851 986 compulsus
1876 944 1967 983 redii,
1993 945 2037 975 ita

387 1005 429 1039 ut,
456 1000 481 1030 si
508 1011 601 1041 quem
627 999 748 1029 inlicite
774 999 862 1037 laesi,
895 998 1077 1029 laedentem
1108 999 1219 1039 utique
1251 998 1284 1028 in
1316 997 1460 1028 adversis
1492 998 1576 1028 ferre
1609 997 1750 1037 decrevi,
1783 999 1809 1028 si
1838 997 1915 1039 quid
1940 997 2036 1028 alicui

388 1053 504 1083 iniuste
530 1052 657 1091 abstuli,
692 1052 851 1082 auferenti
883 1052 990 1082 onmia
1021 1062 1228 1092 nequaquam
1253 1051 1365 1090 restiti,
1391 1051 1449 1081 sed
1472 1051 1578 1093 potius
1604 1051 1730 1081 sublata
1754 1052 1864 1081 tunica
1888 1051 1985 1082 etiam
2005 1056 2037 1081 et

387 1106 519 1148 pallium
545 1105 670 1147 reliqui,
703 1107 729 1136 si
762 1105 918 1147 quosdam
944 1105 1065 1135 amicos
1090 1104 1230 1146 neglexi,
1264 1105 1428 1135 enimvero
1453 1104 1601 1134 inimicos
1626 1103 1772 1145 diligere,
1804 1115 1861 1146 pro
1886 1115 2036 1146 perseeu-

387 1159 508 1189 toribus
542 1170 632 1189 orare
665 1170 729 1189 non
758 1159 859 1189 renui.
909 1158 1027 1199 Sicque
1061 1158 1280 1188 satisfactione
1314 1157 1453 1199 supplici
1484 1157 1609 1188 furores
1642 1158 1855 1188 saevientium
1888 1157 2035 1198 mitigare

388 1213 490 1253 inagis
523 1224 618 1254 quam
652 1212 693 1242 ad
725 1213 836 1253 peiora
861 1223 1040 1253 provocare
1066 1211 1202 1241 docente
1227 1210 1368 1241 Domino
1394 1210 1517 1250 studui3
1551 1216 1583 1241 et
1614 1211 1697 1241 sicut
1721 1216 1796 1241 tunc
1821 1211 1853 1240 in
1878 1211 2035 1252 pressuris

388 1266 519 1296 consilio
553 1265 757 1296 sacerdotum
783 1264 883 1295 tribus
910 1276 982 1295 cum
1007 1264 1243 1295 familiaribusl
1276 1269 1401 1294 secreta
1433 1263 1655 1294 conlocutione
1687 1264 1824 1305 primam
1856 1263 2036 1294 dominicae

389 1319 639 1361 praedicationis
659 1319 745 1349 illam
762 1318 982 1349 fidelissimam
1000 1318 1122 1359 arripui
1140 1317 1332 1347 sententiam
1351 1317 1529 1347 dicentem:
1555 1317 1780 1348 Paenitentiam
1805 1318 1897 1359 «yae,
1922 1329 2036 1359 appro-

385 1374 555 1414 pinquabit
585 1374 666 1403 (πείνη
699 1385 822 1414 refluum
857 1373 1023 1405 melorum,
1060 1372 1103 1401 ita
1134 1376 1166 1401 et
1196 1382 1292 1410 nunc,
1329 1370 1459 1412 expleto
1491 1371 1638 1412 septenni
1676 1371 1790 1412 spatio,
1827 1382 1889 1412 quo
1922 1371 2037 1401 ceteris

389 1425 627 1467 poenitentibus
657 1425 856 1466 gravissimis
889 1424 928 1455 de
961 1423 1149 1454 criminibus
1181 1425 1214 1454 in
1244 1430 1356 1454 sancta
1392 1423 1531 1454 eeclesia
1567 1423 1647 1454 solet
1676 1423 1835 1454 celebrari
1859 1424 2004 1454 remissio
2017 1426 2036 1463 ²,

389 1479 525 1509 eandem
550 1479 782 1509 c‹1›nscientia1n
807 1489 913 1508 lucain
938 1478 1015 1507 viris
1040 1477 1103 1507 Dei
1129 1476 1277 1507 fidelibus
1302 1477 1420 1518 pando,
1453 1488 1533 1518 quos
1566 1482 1596 1507 et
1625 1477 1666 1507 ad
1692 1482 1857 1507 aeternum
1882 1476 2037 1507 auxilium

390 1533 574 1562 meritorum
600 1543 729 1562 suorum
754 1530 916 1573 pracsidio
942 1530 1056 1572 suplex
1081 1530 1158 1560 mihi
1183 1529 1321 1561 libenter
1346 1530 1502 1569 adscisce,
1529 1530 1680 1571 quatinus
1705 1530 1831 1560 initium
1857 1529 2036 1560 devotionis

388 1597 491 1623 meae,
518 1596 556 1615 ne
582 1584 673 1615 labor
698 1591 805 1615 noster
830 1585 870 1614 sit
894 1585 1008 1620 inanis,
1035 1585 1066 1614 in
1083 1584 1225 1614 Domino
1243 1583 1476 1625 perfectionem
1494 1583 1576 1614 iuste
1594 1589 1625 1614 et
1642 1584 1694 1625 pie
1712 1583 1852 1614 vivendo
1877 1589 2038 1614 mereatur

390 1639 501 1669 saltem
536 1639 567 1668 in
599 1638 650 1668 ‹lie
684 1638 804 1671 ultimo,
838 1638 882 1668 ita
913 1642 946 1667 ut
980 1637 1154 1679 praeterita
1186 1636 1282 1677 digne
1315 1636 1434 1667 deflere
1467 1648 1593 1667 merear
1624 1642 1655 1667 et
1685 1637 1724 1667 de
1749 1636 1975 1678 praesentibus
2000 1648 2037 1667 ac

323 1718 328 1727 ‚
351 1706 368 1724 ιι
389 1692 504 1722 futuris
530 1691 729 1726 excessibus,
765 1691 892 1721 (Jliristo
918 1691 1066 1732 propitiO,
1098 1690 1222 1720 cautior
1252 1701 1321 1720 esse
1351 1689 1487 1720 valeam.
1536 1690 1693 1721 Damam
1717 1698 1828 1729 autem,
1859 1703 1916 1721 rar
1938 1697 2038 1721 noster

389 1753 458 1776 ante
488 1746 624 1779 samala,
657 1746 714 1786 que*
743 1752 770 1775 et
801 1751 945 1786 operatus
970 1751 1013 1774 cs!
1035 1744 1163 1774 salutem
1193 1745 1222 1774 ιή
1251 1743 1351 1774 medio
1376 1751 1486 1777 terrae,
1518 1743 1673 1784 gaudium
1698 1754 1768 1773 esse
1794 1743 1981 1785 angelorum
2005 1743 2038 1773 in

390 1799 479 1829 caclo
511 1798 689 1840 publicavit
720 1809 816 1839 super
846 1809 909 1827 uno
942 1802 1113 1838 peccatore
1146 1796 1377 1838 p‹*›enitcntiam
1409 1802 1535 1837 agente.
1585 1796 1791 1838 Quaprtqiter
1821 1796 2037 1838 periculosum

390 1858 438 1882 est
462 1851 650 1882 mortalibus
676 1851 843 1893 despicere
868 1851 901 1880 in
926 1851 1029 1883 terris,
1056 1850 1095 1880 de
1114 1846 1235 1891 quibus'
1248 1854 1328 1879 teste
1346 1855 1435 1880 tanta
1452 1850 1587 1880 veritate
1605 1849 1738 1890 angelos
1756 1855 1881 1880 constat
1896 1850 2037 1891 gaudere

390 1907 422 1936 in
448 1905 555 1936 caelis.
601 1904 725 1943 Quodsi
742 1905 805 1934 mci
822 1903 905 1934 ultra
923 1914 986 1934 non
1011 1904 1130 1934 fuerint
1156 1903 1310 1933 dominati
1336 1914 1440 1933 mores
1465 1903 1564 1941 noxii,
1591 1903 1698 1943 credo,
1724 1903 1810 1944 quod
1834 1903 1921 1933 fonte
1946 1903 2037 1934 lacri-

390 1970 514 1989 marum
540 1958 667 1989 ablutus
693 1957 887 1999 quandoque
914 1963 944 1987 ct
969 1968 1041 1987 cuin
1068 1957 1182 1987 ceteris
1210 1955 1498 1997 ingemiscentibus
1530 1957 1696 1987 observabo
1729 1969 1773 1987 me
1804 1957 1842 1987 ab
1876 1958 2038 1998 t'nz'qm'tate

392 2027 455 2043 mm
482 2020 509 2043 et
532 2012 723 2043 emundabor
745 2025 762 2041 a
782 2012 892 2041 ‹lem-to
920 2012 1063 2041 marimo.
1102 2009 1173 2040 Non
1192 2021 1268 2050 ergo
1287 2009 1370 2049 ficta,
1396 2009 1453 2039 sed
1472 2009 1680 2040 devotissima
1696 2010 1884 2048 intentione,
1909 2010 2037 2040 nemine

390 2066 564 2099 iudicante,
591 2064 648 2095 sed
672 2076 777 2106 ncquc
803 2063 1027 2097 interdicente,
1057 2063 1113 2093 scd
1138 2063 1290 2093 universo
1315 2062 1456 2103 benigno
1481 2062 1681 2093 adsentiente
1707 2068 1878 2101 conventu,
1905 2061 2036 2093 iubente

390 2119 531 2149 Domino
564 2129 621 2160 pro
654 2117 828 2148 concordia
860 2122 891 2147 et
922 2116 1185 2147 reconciliatione
1217 2116 1361 2146 fraterna
1392 2116 1559 2157 hucusque
1588 2116 1702 2158 reliqui
1728 2127 1843 2147 munus
1868 2115 2036 2146 oblationis

391 2184 481 2203 meae
514 2177 588 2202 ante
621 2171 720 2202 altare
754 2170 904 2212 adeptam
936 2181 1038 2211 usque
1067 2169 1273 2200 concordiam
1299 2169 1553 2199 ecclesiasticam
1584 2174 1615 2199 et
1639 2174 1725 2205 tunc,
1751 2169 1860 2200 divino
1885 2169 2037 2199 instinctu

390 2226 482 2261 fidus,
515 2226 649 2255 veniens
682 2225 784 2265 sategi
810 2224 924 2254 offerre
953 2234 1069 2253 munus
1100 2234 1217 2261 mcum,
1250 2222 1289 2252 de
1322 2223 1461 2264 propriis
1494 2222 1653 2264 siquidem
1683 2223 1810 2264 scriptis
1842 2222 1920 2252 meis
1946 2223 2037 2264 quasi

391 2279 530 2320 quadam
556 2277 767 2308 inrevocabili
793 2277 869 2307 mihi
895 2277 1079 2318 conscripta
1103 2276 1272 2306 sententia.
1322 2275 1356 2306 Si
1388 2287 1483 2317 quem
1515 2275 1623 2317 aliqua
1647 2275 1845 2306 scandalizet
1869 2275 2036 2314 dubitatio,

392 2344 467 2363 cccc
492 2332 543 2362 hie
570 2331 717 2373 adposita
742 2336 789 2361 est
809 2330 923 2361 eadem
948 2330 1116 2360 immutata
1133 2329 1380 2370 conscriptionis
1397 2328 1510 2368 forma,
1538 2340 1692 2370 expressa
1709 2339 1767 2370 per
1784 2328 1910 2369 singula
1926 2328 2037 2367 verba,

393 2391 425 2415 ut
450 2385 683 2415 scandalizanti
709 2384 797 2414 fratri
824 2383 971 2422 sufficiat,
1005 2382 1090 2424 quod
1118 2382 1199 2413 haec
1224 2382 1264 2412 de
1290 2387 1377 2412 certo
1404 2382 1537 2412 crimine
1563 2393 1757 2423 quemquam
1781 2381 1962 2412 nullatenus
1987 2393 2038 2412 ae-

393 2445 483 2469 cusat
507 2438 634 2469 dicens:

501 2558 514 2578 4
536 2553 660 2585 duorum]
682 2556 833 2579 divinorum
855 2554 882 2578 S.
940 2555 971 2578 32
993 2554 1171 2585 lacrymarum
1193 2554 1219 2577 N.
1277 2554 1309 2577 33
1330 2553 1418 2584 sategi
1437 2553 1496 2576 add.
1516 2561 1528 2576 e
1547 2553 1608 2576 coni.
1670 2553 1701 2576 39
1723 2550 1887 2584 conscripta]
1908 2553 2039 2583 quaedam

393 2601 452 2624 add.
474 2600 501 2624 S.
575 2602 607 2623 40
627 2598 680 2630 hic]
701 2601 739 2623 sic
763 2600 788 2623 S.

505 2717 532 2749 1)
559 2716 678 2743 Dubium
700 2720 745 2744 est.
772 2720 861 2742 utram
882 2716 1027 2742 alludatur
1046 2715 1087 2741 ([ιῖ
1104 2719 1159 2741 tres
1178 2714 1320 2751 <piscopos
1340 2714 1422 2749 infra
1443 2711 1482 2750 (p.
1501 2715 1563 2742 802
1583 2714 1598 2740 l.
1615 2715 1635 2742 :2
1648 2710 1701 2750 sq.)
1727 2713 1883 2740 nominatos
1907 2723 1945 2741 (ιη
1969 2713 2037 2747 illos,

396 2780 510 2806 quarum
537 2769 649 2796 nomina
674 2773 784 2795 arsiam!
808 2769 888 2804 apud
912 2769 1104 2795 Flocloardum
1131 2771 1169 2803 (r.
1195 2777 1283 2803 supra
1304 2778 1335 2803 p.
1355 2768 1414 2795 699
1439 2767 1456 2793 l.
1476 2768 1513 2795 34
1526 2764 1613 2804 sqq).
1713 2766 1742 2799 2)
1771 2766 1818 2800 Cf.
1846 2765 1918 2794 JIG.
1946 2766 2037 2802 Capit.

397 2823 436 2855 II,
456 2824 516 2851 680
539 2833 560 2849 s.
587 2832 609 2849 ι’.
630 2822 812 2858 potententia.

2056 735 2081 754 10

2056 1008 2081 1027 15

2057 1539 2082 1557 25

2057 1809 2083 1828 ³0

2057 2075 2081 2093 35

2058 2719 2083 2738 4⁵
