2215 3052
383 115 446 145 860
589 117 799 144 APPENDIX.
851 116 900 142 11.
933 115 1150 143 CONCILIUM
1174 116 1470 143 AUDOMARENSE
1495 116 1667 144 SPURIUM
1689 118 1726 144 A.
1744 117 1817 144 839.

381 219 471 242 ratum
496 215 571 247 duxi,
604 219 634 240 ut
666 221 724 251 pel·
755 210 816 241 hoc
848 215 1017 248 quandoque
1042 209 1209 239 resistatur
1239 208 1422 240 invidorum
1445 214 1517 240 male
1542 214 1679 240 voluntati
1710 214 1742 240 et
1764 209 1825 240 hoc
1849 209 2025 251 infringere

381 263 557 293 volentium
582 263 692 304 iniquo
719 263 858 294 conatui.
906 261 1003 300 Quod
1027 262 1211 303 quicunque
1243 262 1358 292 futuris
1390 261 1587 304 temporibus
1611 261 1664 292 vel
1692 262 1869 304 infringere
1894 262 1945 293 vel
1969 262 2024 294 ad-

380 315 536 355 nichilare
553 316 796 357 presumpserit,
822 315 908 357 quod
925 314 1018 353 absit,
1044 315 1235 345 auctoritate
1259 315 1359 356 patris
1386 320 1417 345 et
1441 314 1498 345 filii
1523 320 1554 346 et
1571 314 1709 356 Spiritus
1726 316 1830 346 sancti
1854 315 2026 346 anathema

381 369 430 407 sit,
455 368 517 398 nisi
542 368 640 409 digna
663 369 841 410 penitentia
864 368 1044 409 resipuerit.

487 426 589 451 Actum
625 426 673 452 est
707 435 780 452 anno
813 426 1011 452 incarnationis
1043 425 1196 451 dominicae
1229 424 1483 458 DCCCXXXIX„
1520 426 1672 452 indictione
1702 425 1751 458 11„
1787 426 1894 460 imperii
1931 430 2026 453 autem
2045 436 2058 454 5

380 478 529 504 Hludovici
560 480 634 513 regis
665 488 737 505 anno
768 479 888 511 XXVL,
924 479 1085 513 presulatus
1121 487 1232 512 quoque
1266 474 1366 504 nostri
1398 487 1470 504 anno
1504 478 1625 511 XXIH.‚
1650 474 1683 504 in
1719 474 1859 509 eeclesia
1894 480 2025 505 sanetae

380 526 502 557 Mariae
529 527 605 558 XII.
630 532 695 558 Kal.
721 532 795 565 Iulii,
820 532 969 569 presente
994 526 1169 557 universali
1194 526 1317 557 sinodo.

487 580 559 621 Ego
585 580 633 622 (1)
658 580 837 622 Folquinus
863 593 896 611 ex
920 593 1058 611 consensu
1083 585 1114 610 et
1137 585 1291 621 precepto
1316 585 1408 610 domni
1425 585 1575 611 Hludovici
1592 585 1766 619 imperatoris
1783 585 1852 611 haec
1869 585 2025 612 voluntarie

379 637 486 664 firmavi
511 638 542 663 et
567 647 628 664 cum
654 638 806 672 episcopali
830 637 1055 665 interminatione
1081 631 1267 674 subscripsi.
1316 633 1387 673 Ego
1414 633 1462 674 (2)
1488 632 1651 663 Maximus
1676 632 1923 664 archidiaconus
1952 633 2025 664 sub-

380 686 503 727 scripsi.
552 691 612 725 Ego
637 686 679 727 (3)
704 691 788 725 Hugo
813 691 899 717 abbas
925 685 1112 727 subscripsi.
1160 689 1275 725 Signum
1300 686 1342 727 (4)
1367 685 1525 716 Adalardi
1549 690 1685 716 monachi.
1723 689 1838 725 Signum
1862 686 1904 727 (5)
1929 691 2024 717 Amal-
2046 701 2071 719 10

378 743 452 770 berti
481 743 618 770 monachi.
666 743 781 778 Signum
812 740 854 781 (6)
884 744 953 769 Mori
984 743 1121 769 monachi.
1170 743 1284 778 Signum
1316 739 1357 779 (T)
1388 743 1486 770 Unrici
1518 743 1634 769 comitis.
1683 743 1800 778 Signum
1831 740 1873 781 (8)
1900 744 2026 779 Odgrimi

379 797 518 823 advocati.
567 796 681 831 Signum
706 794 748 835 (9)
772 797 911 823 Everwini
936 796 1038 822 militis.
1087 796 1200 831 Signum
1225 792 1289 833 (10)
1315 797 1422 822 Bcrarii
1446 796 1550 822 militis.

484 850 545 884 Ego
570 844 635 887 (11)
660 849 838 877 Guntbertus
869 850 957 876 levita
988 853 1017 876 et
1047 849 1197 876 monachus
1229 849 1305 875 iussu
1335 849 1437 875 domini
1462 844 1613 886 Folquini
1636 844 1774 886 presulis
1802 849 1874 876 hane
1897 845 2026 876 kartam

378 903 474 937 scripsi
501 907 529 929 et
554 903 713 937 subscripsi.

537 1022 654 1053 possent
678 1018 766 1045 malae
791 1019 939 1044 voluntati.
986 1018 1089 1044 Actum
1121 1018 1148 1043 in
1179 1017 1295 1043 basilica
1325 1018 1414 1043 sancti
1439 1018 1517 1043 Petri
1542 1018 1661 1052 apostoli
1685 1018 1713 1044 in
1738 1018 1783 1044 die
1808 1018 2025 1052 sollempnitatis
2045 1027 2069 1045 15

539 1072 598 1097 eius
622 1071 672 1097 HI.
692 1071 756 1097 Kal.
774 1071 846 1103 Iulii,
871 1074 934 1105 post
958 1071 1086 1097 sinodum
1110 1074 1176 1097 ante
1202 1070 1384 1097 festivitatem
1408 1071 1497 1096 sancti
1521 1070 1652 1097 Iohannis
1673 1071 1815 1105 baptistae
1841 1071 2023 1105 celebratam,

538 1133 610 1150 anno
634 1125 832 1150 incarnationis
850 1124 1004 1150 dominicae
1023 1123 1280 1156 DCCCXXXIX.‚
1305 1124 1456 1150 indictione
1474 1124 1523 1156 11..
1548 1124 1657 1158 imperii
1681 1127 1775 1150 autem
1791 1124 1927 1151 Ludovici
1951 1125 2025 1159 regis

538 1186 609 1203 anno
627 1177 745 1210 XXVI,
770 1178 948 1212 praesulatus
974 1186 1085 1212 quoque
1110 1177 1174 1203 almi
1198 1177 1319 1211 presulis
1341 1177 1473 1211 Folquini
1497 1186 1568 1203 anuo
1586 1177 1694 1203 XXIII.
1722 1180 1750 1203 et
1773 1178 1859 1204 nostri
1883 1178 2025 1212 regiminis

537 1240 608 1256 anno
626 1230 737 1261 V1.(=
756 1234 807 1257 839
827 1233 885 1257 Iun.
901 1232 955 1260 29).
1003 1231 1063 1264 Ego
1088 1229 1130 1262 (1)
1155 1227 1260 1264 Hugo1
1285 1230 1372 1256 abbas
1406 1239 1440 1256 ex
1467 1239 1606 1257 consensu
1630 1231 1721 1257 domni
1746 1231 1880 1257 Ludovici
1904 1231 2024 1265 impera-

537 1284 604 1309 toris
634 1284 704 1310 haec
735 1283 892 1310 voluntarie
924 1282 1029 1309 firmavi
1062 1283 1219 1317 ipsumque,
1257 1286 1287 1308 ut
1320 1283 1518 1315 subscriberet,
1550 1284 1655 1318 rogavi.
1710 1283 1825 1318 Signum
1856 1284 2025 1310 venerabilis
2044 1292 2070 1310 20

537 1336 579 1369 (2)
605 1335 756 1371 Folquini‘2
781 1337 905 1371 episcopi
930 1345 992 1362 cum
1017 1336 1170 1371 episcopali
1195 1337 1432 1363 interminatione.
1470 1336 1584 1371 Signum
1609 1336 1651 1369 (3)
1670 1335 1804 1363 Maximi3
1827 1337 2024 1363 archidiaconi.

537 1390 651 1424 Signum
683 1390 725 1421 (4)
750 1388 872 1416 Alardi⁴
903 1390 1040 1416 monachi.
1095 1389 1211 1424 Signum
1242 1389 1284 1421 (5)
1309 1388 1489 1416 Amalberti⁵
1519 1390 1657 1416 monachi.
1712 1389 1826 1425 Signum
1859 1390 1901 1423 (6)
1933 1387 2026 1417 Μοτί6

536 1444 672 1469 monachi.
717 1443 831 1477 Signum
858 1443 899 1475 (Τ)
918 1444 1038 1469 Bavonis
1062 1443 1198 1469 monachi.
1243 1442 1358 1477 Signum
1383 1442 1425 1475 (8)
1444 1440 1582 1469 Undrici⁷
1607 1443 1724 1469 comitis.
1762 1443 1877 1477 Signum
1900 1443 1942 1476 (9)
1964 1443 2024 1470 Od-

535 1497 630 1531 grini⁹³
653 1497 792 1522 advocati.
830 1496 944 1531 Signum
969 1496 1032 1525 (1οι
1050 1494 1210 1522 Everwinis*
1233 1496 1338 1522 militis.
1371 1495 1486 1531 Signum
1504 1496 1568 1529 (11)
1586 1494 1749 1523 Berharii10
1773 1497 1877 1522 militis.
1909 1496 2025 1531 Signum

537 1549 601 1577 ‹¹12›
627 1550 792 1576 Otillefridi.
841 1549 956 1584 Signum
980 1549 1044 1578 (13)
1069 1549 1234 1575 Guntberti.
1282 1549 1397 1583 Signum
1423 1549 1488 1581 (14)
1512 1550 1648 1584 Angonis.
1685 1549 1799 1584 Signum
1824 1548 1890 1582 (15)
1914 1550 2023 1585 Megel-
2043 1557 2069 1576 25

535 1603 609 1628 fridi.
658 1603 717 1637 Ego
743 1603 807 1634 (16)
834 1601 1047 1629 Guntbertusll
1079 1603 1166 1629 levita
1199 1606 1227 1629 et
1258 1602 1408 1628 monachus
1433 1603 1508 1628 iussu
1539 1603 1642 1629 domini
1666 1603 1793 1638 Hugonis
1818 1603 1929 1629 abbatis
1953 1603 2024 1630 hanc

536 1656 669 1682 cartulam
695 1656 792 1690 scripsi
818 1660 846 1681 ct
871 1656 1032 1690 subscripsi.

483 1752 497 1775 2
518 1748 694 1781 adnichilare]
715 1751 855 1774 adnullare
877 1752 910 1774 W.
968 1752 982 1775 3
1003 1752 1173 1782 presumserit
1195 1751 1228 1774 11⁹.
1286 1752 1300 1775 6
1318 1751 1441 1775 Ludoico
1461 1751 1500 1775 laic
1518 1755 1541 1775 et
1560 1751 1631 1783 infra
1650 1751 1685 1775 H.
1741 1749 1850 1781 XXVI]
1865 1752 1967 1775 XXIII.
1988 1751 2023 1775 W.

376 1796 390 1819 9
416 1796 474 1827 Ego
495 1795 628 1818 Maximus
649 1795 856 1819 archidiaconus
877 1793 1035 1827 subscripsi]
1064 1795 1175 1827 Signum
1196 1796 1306 1819 Maximi
1327 1795 1511 1819 archidiaconi
1532 1795 1567 1819 Η.
1662 1797 1693 1820 10
1713 1793 1855 1827 Adalardi]
1875 1795 1968 1820 Alai-di
1988 1796 2023 1819 H.

377 1841 405 1863 11
431 1840 531 1863 l⁷nroci
553 1840 587 1862 W.
668 1840 781 1871 Odgrini
804 1840 838 1863 H.
924 1841 953 1863 12
974 1840 1103 1863 Evcruini
1126 1839 1156 1863 G.
1230 1840 1352 1863 Berharii
1372 1840 1407 1863 Η.
1484 1841 1514 1863 13
1535 1840 1625 1863 domui
1646 1840 1680 1863 W.
1754 1839 1880 1872 Folquini
1901 1837 2023 1872 presulis]
2043 1845 2068 1864 30

376 1884 500 1915 Hugonis
520 1884 625 1907 abbatis
646 1884 680 1907 Js.
755 1888 854 1907 cartam
876 1885 909 1908 11⁷.
931 1884 1059 1908 cartulam
1080 1884 1114 1907 II.

486 1971 512 2011 1)
546 1973 643 2010 Supra
667 1971 698 2009 (l.
717 1972 819 2010 bks-qq..¹
846 1984 872 2001 η.
892 1978 918 2001 3.
1028 1971 1057 2007 2)
1090 1976 1186 2010 Supra
1212 1984 1237 2001 η.
1261 1976 1283 2002 l.
1393 1971 1422 2009 3)
1455 1974 1551 2010 Supra
1576 1984 1604 2001 η.
1622 1977 1650 2003 2,
1766 1971 1795 2011 4)
1828 1976 1924 2011 Supra
1949 1984 1976 2002 n.
1993 1976 2022 2003 4.

376 2023 405 2061 5)
432 2027 528 2063 Supra
552 2037 578 2053 η.
597 2029 623 2053 Γ).
724 2024 753 2061 6)
780 2028 875 2063 Sapra
901 2029 973 2055 ιι.1)”.
1076 2025 1104 2063 Τ)
1131 2027 1227 2063 Sapra
1252 2038 1278 2054 η.
1299 2029 1324 2055 7.
1425 2025 1454 2061 S)
1482 2029 1577 2064 Supra
1602 2038 1630 2055 η.
1652 2030 1679 2056 8.
1773 2024 1802 2065 9)
1829 2028 1925 2064 Supra
1950 2038 1976 2055 η.
1995 2030 2021 2055 9.

378 2077 426 2116 10)
454 2080 548 2116 Supra
574 2090 600 2107 n.
619 2082 663 2108 10.
760 2078 808 2117 11)
835 2082 930 2117 Supra
955 2091 981 2107 11⁴
1000 2082 1043 2108 11.
