<?xml version="1.0" encoding="UTF-8"?>
<!DOCTYPE html PUBLIC "-//W3C//DTD XHTML 1.0 Transitional//EN"
    "http://www.w3.org/TR/xhtml1/DTD/xhtml1-transitional.dtd">
<html xmlns="http://www.w3.org/1999/xhtml" xml:lang="en" lang="en">
 <head>
  <title>
</title>
<meta http-equiv="Content-Type" content="text/html;charset=utf-8" />
  <meta name='ocr-system' content='tesseract 3.04.00' />
  <meta name='ocr-capabilities' content='ocr_page ocr_carea ocr_par ocr_line ocrx_word'/>
</head>
<body>
  <div class='ocr_page' id='page_1' title='image "./p2monumentagecon02geseuoft/p2monumentagecon02geseuoft_0020.png"; bbox 0 0 2215 3052; ppageno 0'>
   <div class='ocr_carea' id='block_1_1' title="bbox 395 98 1592 132">
    <p class='ocr_par' dir='ltr' id='par_1_1' title="bbox 395 98 1592 132">
     <span class='ocr_line' id='line_1_1' title="bbox 395 98 1592 132; baseline -0.006 0"><span class='ocrx_word' id='word_1_1' title='bbox 395 102 458 132; x_wconf 80' lang='grc'>470</span> <span class='ocrx_word' id='word_1_2' title='bbox 818 102 868 128; x_wconf 74' lang='lat'>42.</span> <span class='ocrx_word' id='word_1_3' title='bbox 906 100 1123 127; x_wconf 75' lang='lat' dir='ltr'>CONCILIUM</span> <span class='ocrx_word' id='word_1_4' title='bbox 1148 98 1438 127; x_wconf 84' lang='lat' dir='ltr'><strong>ATTINIACENSE</strong></span> <span class='ocrx_word' id='word_1_5' title='bbox 1463 100 1499 126; x_wconf 88' lang='lat' dir='ltr'>A.</span> <span class='ocrx_word' id='word_1_6' title='bbox 1519 99 1592 126; x_wconf 81' lang='lat'>822.</span> 
     </span>
    </p>
   </div>
   <div class='ocr_carea' id='block_1_2' title="bbox 394 192 2090 2095">
    <p class='ocr_par' dir='ltr' id='par_1_2' title="bbox 394 192 2090 2095">
     <span class='ocr_line' id='line_1_2' title="bbox 395 192 2036 240; baseline -0.002 -11"><span class='ocrx_word' id='word_1_7' title='bbox 395 198 554 240; x_wconf 82' lang='lat' dir='ltr'>quatinus,</span> <span class='ocrx_word' id='word_1_8' title='bbox 586 197 660 227; x_wconf 88' lang='lat' dir='ltr'>dum</span> <span class='ocrx_word' id='word_1_9' title='bbox 692 195 847 226; x_wconf 90' lang='lat' dir='ltr'>inlicitum</span> <span class='ocrx_word' id='word_1_10' title='bbox 880 194 1046 236; x_wconf 84' lang='lat' dir='ltr'>quippiam</span> <span class='ocrx_word' id='word_1_11' title='bbox 1078 205 1119 224; x_wconf 85' lang='lat' dir='ltr'>ex</span> <span class='ocrx_word' id='word_1_12' title='bbox 1150 193 1341 223; x_wconf 74' lang='lat' dir='ltr'>necessitate</span> <span class='ocrx_word' id='word_1_13' title='bbox 1373 193 1489 233; x_wconf 77' lang='lat' dir='ltr'>agitur,</span> <span class='ocrx_word' id='word_1_14' title='bbox 1521 192 1608 234; x_wconf 89' lang='lat' dir='ltr'>quod</span> <span class='ocrx_word' id='word_1_15' title='bbox 1639 192 1795 224; x_wconf 85' lang='lat' dir='ltr'>declinari</span> <span class='ocrx_word' id='word_1_16' title='bbox 1826 204 1890 225; x_wconf 89' lang='lat' dir='ltr'>non</span> <span class='ocrx_word' id='word_1_17' title='bbox 1921 199 2036 236; x_wconf 87' lang='lat' dir='ltr'>potest,</span> 
     </span>
     <span class='ocr_line' id='line_1_3' title="bbox 395 245 2039 289; baseline -0.002 -8"><span class='ocrx_word' id='word_1_18' title='bbox 395 252 489 282; x_wconf 86' lang='lat' dir='ltr'>timor</span> <span class='ocrx_word' id='word_1_19' title='bbox 506 250 609 281; x_wconf 84' lang='lat' dir='ltr'>saltim</span> <span class='ocrx_word' id='word_1_20' title='bbox 632 250 730 280; x_wconf 84' lang='lat' dir='ltr'>faciat</span> <span class='ocrx_word' id='word_1_21' title='bbox 755 247 983 286; x_wconf 85' lang='lat' dir='ltr'>excusabilem,</span> <span class='ocrx_word' id='word_1_22' title='bbox 1010 258 1105 289; x_wconf 90' lang='lat' dir='ltr'>quem</span> <span class='ocrx_word' id='word_1_23' title='bbox 1130 246 1295 277; x_wconf 77' lang='lat' dir='ltr'>exsecutio</span> <span class='ocrx_word' id='word_1_24' title='bbox 1320 257 1385 276; x_wconf 92' lang='lat' dir='ltr'>non</span> <span class='ocrx_word' id='word_1_25' title='bbox 1409 245 1574 276; x_wconf 87' lang='lat' dir='ltr'>constituit</span> <span class='ocrx_word' id='word_1_26' title='bbox 1597 245 1789 277; x_wconf 86' lang='lat' dir='ltr'>absolutum.</span> <span class='ocrx_word' id='word_1_27' title='bbox 1825 246 1967 278; x_wconf 82' lang='lat' dir='ltr'>Necesse</span> <span class='ocrx_word' id='word_1_28' title='bbox 1990 252 2039 278; x_wconf 89' lang='lat' dir='ltr'>est</span> 
     </span>
     <span class='ocr_line' id='line_1_4' title="bbox 395 298 2037 343; baseline -0.001 -10"><span class='ocrx_word' id='word_1_29' title='bbox 395 316 481 343; x_wconf 72' lang='lat' dir='ltr'>ergo,</span> <span class='ocrx_word' id='word_1_30' title='bbox 514 309 548 334; x_wconf 84' lang='lat' dir='ltr'>ut</span> <span class='ocrx_word' id='word_1_31' title='bbox 573 308 680 333; x_wconf 79' lang='lat' dir='ltr'>vestra</span> <span class='ocrx_word' id='word_1_32' title='bbox 704 301 862 331; x_wconf 89' lang='lat' dir='ltr'>industria</span> <span class='ocrx_word' id='word_1_33' title='bbox 888 300 1146 341; x_wconf 83' lang='lat' dir='ltr'>magnanimitati</span> <span class='ocrx_word' id='word_1_34' title='bbox 1171 299 1239 329; x_wconf 88' lang='lat' dir='ltr'>eius</span> <span class='ocrx_word' id='word_1_35' title='bbox 1265 304 1418 340; x_wconf 80' lang='lat' dir='ltr'>suggerat</span> <span class='ocrx_word' id='word_1_36' title='bbox 1442 298 1588 340; x_wconf 87' lang='lat' dir='ltr'>pericula</span> <span class='ocrx_word' id='word_1_37' title='bbox 1613 298 1652 329; x_wconf 89' lang='lat' dir='ltr'>de</span> <span class='ocrx_word' id='word_1_38' title='bbox 1677 298 1773 331; x_wconf 85' lang='lat' dir='ltr'>rebus</span> <span class='ocrx_word' id='word_1_39' title='bbox 1798 299 2037 339; x_wconf 84' lang='lat' dir='ltr'>ecclesiasticis,</span> 
     </span>
     <span class='ocr_line' id='line_1_5' title="bbox 395 344 2038 398; baseline -0.002 -11"><span class='ocrx_word' id='word_1_40' title='bbox 395 344 474 398; x_wconf 56' lang='grc'><strong>(111115</strong></span> <span class='ocrx_word' id='word_1_41' title='bbox 500 361 610 386; x_wconf 76' lang='lat' dir='ltr'>contra</span> <span class='ocrx_word' id='word_1_42' title='bbox 635 355 768 385; x_wconf 85' lang='lat' dir='ltr'>vetitum</span> <span class='ocrx_word' id='word_1_43' title='bbox 793 359 824 384; x_wconf 90' lang='lat' dir='ltr'>et</span> <span class='ocrx_word' id='word_1_44' title='bbox 849 359 959 384; x_wconf 84' lang='lat' dir='ltr'>contra</span> <span class='ocrx_word' id='word_1_45' title='bbox 984 363 1124 384; x_wconf 86' lang='lat' dir='ltr'>canones</span> <span class='ocrx_word' id='word_1_46' title='bbox 1149 356 1288 382; x_wconf 88' lang='lat' dir='ltr'>tractant</span> <span class='ocrx_word' id='word_1_47' title='bbox 1313 356 1344 382; x_wconf 89' lang='lat' dir='ltr'>et</span> <span class='ocrx_word' id='word_1_48' title='bbox 1367 351 1399 381; x_wconf 91' lang='lat' dir='ltr'>in</span> <span class='ocrx_word' id='word_1_49' title='bbox 1425 362 1501 382; x_wconf 89' lang='lat' dir='ltr'>usus</span> <span class='ocrx_word' id='word_1_50' title='bbox 1525 352 1671 393; x_wconf 88' lang='lat' dir='ltr'>proprios</span> <span class='ocrx_word' id='word_1_51' title='bbox 1689 352 1877 394; x_wconf 85' lang='lat' dir='ltr'>expendunt</span> <span class='ocrx_word' id='word_1_52' title='bbox 1893 353 2038 384; x_wconf 87' lang='lat' dir='ltr'>homines</span> 
     </span>
     <span class='ocr_line' id='line_1_6' title="bbox 395 403 2070 449; baseline -0.003 -10"><span class='ocrx_word' id='word_1_53' title='bbox 395 410 477 440; x_wconf 87' lang='lat' dir='ltr'>laici.</span> <span class='ocrx_word' id='word_1_54' title='bbox 523 409 698 449; x_wconf 85' lang='lat' dir='ltr'>Postquam</span> <span class='ocrx_word' id='word_1_55' title='bbox 724 407 809 437; x_wconf 86' lang='lat' dir='ltr'>enim</span> <span class='ocrx_word' id='word_1_56' title='bbox 834 406 952 437; x_wconf 85' lang='lat' dir='ltr'>diffusa</span> <span class='ocrx_word' id='word_1_57' title='bbox 976 412 1024 437; x_wconf 89' lang='lat' dir='ltr'>est</span> <span class='ocrx_word' id='word_1_58' title='bbox 1049 405 1187 448; x_wconf 72' lang='lat' dir='ltr'>ecclesia</span> <span class='ocrx_word' id='word_1_59' title='bbox 1210 404 1274 435; x_wconf 90' lang='lat' dir='ltr'>Dei</span> <span class='ocrx_word' id='word_1_60' title='bbox 1299 409 1364 435; x_wconf 92' lang='lat' dir='ltr'>toto</span> <span class='ocrx_word' id='word_1_61' title='bbox 1390 403 1467 434; x_wconf 91' lang='lat' dir='ltr'>orbe</span> <span class='ocrx_word' id='word_1_62' title='bbox 1492 409 1649 435; x_wconf 85' lang='lat' dir='ltr'>terrarum</span> <span class='ocrx_word' id='word_1_63' title='bbox 1674 410 1705 436; x_wconf 92' lang='lat' dir='ltr'>et</span> <span class='ocrx_word' id='word_1_64' title='bbox 1730 406 1816 447; x_wconf 87' lang='lat' dir='ltr'>cepit</span> <span class='ocrx_word' id='word_1_65' title='bbox 1840 405 1976 436; x_wconf 86' lang='lat' dir='ltr'>exaltari</span> <span class='ocrx_word' id='word_1_66' title='bbox 2000 417 2038 437; x_wconf 88' lang='lat' dir='ltr'>ac</span> <span class='ocrx_word' id='word_1_67' title='bbox 2057 417 2070 434; x_wconf 80' lang='lat'>5</span> 
     </span>
     <span class='ocr_line' id='line_1_7' title="bbox 395 457 2039 503; baseline -0.001 -12"><span class='ocrx_word' id='word_1_68' title='bbox 395 461 594 503; x_wconf 78' lang='lat' dir='ltr'>magnificari</span> <span class='ocrx_word' id='word_1_69' title='bbox 616 472 672 502; x_wconf 86' lang='grc'><strong>1101·</strong></span> <span class='ocrx_word' id='word_1_70' title='bbox 690 471 800 491; x_wconf 88' lang='lat' dir='ltr'>omnes</span> <span class='ocrx_word' id='word_1_71' title='bbox 818 460 967 501; x_wconf 80' lang='lat' dir='ltr'>regiones</span> <span class='ocrx_word' id='word_1_72' title='bbox 993 464 1024 489; x_wconf 91' lang='lat' dir='ltr'>et</span> <span class='ocrx_word' id='word_1_73' title='bbox 1047 459 1203 496; x_wconf 84' lang='lat' dir='ltr'>nationes,</span> <span class='ocrx_word' id='word_1_74' title='bbox 1230 462 1449 499; x_wconf 78' lang='lat' dir='ltr'>ceperuntque</span> <span class='ocrx_word' id='word_1_75' title='bbox 1466 457 1587 499; x_wconf 81' lang='lat' dir='ltr'>templa</span> <span class='ocrx_word' id='word_1_76' title='bbox 1604 458 1684 499; x_wconf 86' lang='lat' dir='ltr'>erigi</span> <span class='ocrx_word' id='word_1_77' title='bbox 1701 469 1719 488; x_wconf 88' lang='lat' dir='ltr'>a</span> <span class='ocrx_word' id='word_1_78' title='bbox 1736 458 1885 489; x_wconf 88' lang='lat' dir='ltr'>fidelibus</span> <span class='ocrx_word' id='word_1_79' title='bbox 1902 459 2039 500; x_wconf 87' lang='lat' dir='ltr'>impera-</span> 
     </span>
     <span class='ocr_line' id='line_1_8' title="bbox 395 506 2039 554; baseline -0.001 -10"><span class='ocrx_word' id='word_1_80' title='bbox 395 514 515 545; x_wconf 74' lang='lat' dir='ltr'>toribus</span> <span class='ocrx_word' id='word_1_81' title='bbox 541 525 578 544; x_wconf 87' lang='lat' dir='ltr'>ae</span> <span class='ocrx_word' id='word_1_82' title='bbox 604 513 734 554; x_wconf 85' lang='lat' dir='ltr'>regibus</span> <span class='ocrx_word' id='word_1_83' title='bbox 760 518 856 554; x_wconf 84' lang='lat' dir='ltr'>atque</span> <span class='ocrx_word' id='word_1_84' title='bbox 881 512 1042 554; x_wconf 85' lang='lat' dir='ltr'>episcopis</span> <span class='ocrx_word' id='word_1_85' title='bbox 1068 511 1119 541; x_wconf 83' lang='lat' dir='ltr'>vel</span> <span class='ocrx_word' id='word_1_86' title='bbox 1151 511 1266 541; x_wconf 84' lang='lat' dir='ltr'>ceteris</span> <span class='ocrx_word' id='word_1_87' title='bbox 1298 509 1482 552; x_wconf 86' lang='lat' dir='ltr'>potentibus</span> <span class='ocrx_word' id='word_1_88' title='bbox 1515 510 1674 552; x_wconf 81' lang='lat' dir='ltr'>ditarique</span> <span class='ocrx_word' id='word_1_89' title='bbox 1700 506 1800 542; x_wconf 48' lang='lat' dir='ltr'>&#39;rebus</span> <span class='ocrx_word' id='word_1_90' title='bbox 1825 517 1857 542; x_wconf 85' lang='lat' dir='ltr'>et</span> <span class='ocrx_word' id='word_1_91' title='bbox 1880 511 2039 543; x_wconf 84' lang='lat' dir='ltr'>thesauris</span> 
     </span>
     <span class='ocr_line' id='line_1_9' title="bbox 395 563 2038 607; baseline -0.001 -10"><span class='ocrx_word' id='word_1_92' title='bbox 395 567 512 605; x_wconf 84' lang='lat' dir='ltr'>ornari,</span> <span class='ocrx_word' id='word_1_93' title='bbox 544 567 604 597; x_wconf 81' lang='lat' dir='ltr'>fuit</span> <span class='ocrx_word' id='word_1_94' title='bbox 628 567 724 597; x_wconf 87' lang='lat' dir='ltr'>etiam</span> <span class='ocrx_word' id='word_1_95' title='bbox 750 577 962 607; x_wconf 75' lang='lat' dir='ltr'>consequens,</span> <span class='ocrx_word' id='word_1_96' title='bbox 994 570 1028 596; x_wconf 90' lang='lat' dir='ltr'>ut</span> <span class='ocrx_word' id='word_1_97' title='bbox 1051 564 1234 606; x_wconf 77' lang='lat' dir='ltr'>principum</span> <span class='ocrx_word' id='word_1_98' title='bbox 1262 563 1468 605; x_wconf 87' lang='lat' dir='ltr'>providentia</span> <span class='ocrx_word' id='word_1_99' title='bbox 1491 563 1579 605; x_wconf 87' lang='lat' dir='ltr'>leges</span> <span class='ocrx_word' id='word_1_100' title='bbox 1604 564 1893 606; x_wconf 81' lang='lat' dir='ltr'>promulgarentur,</span> <span class='ocrx_word' id='word_1_101' title='bbox 1919 570 1950 596; x_wconf 88' lang='lat' dir='ltr'>et</span> <span class='ocrx_word' id='word_1_102' title='bbox 1974 566 2038 607; x_wconf 85' lang='lat' dir='ltr'>epi-</span> 
     </span>
     <span class='ocr_line' id='line_1_10' title="bbox 394 615 2039 661; baseline -0.001 -12"><span class='ocrx_word' id='word_1_103' title='bbox 394 631 563 661; x_wconf 60' lang='lat' dir='ltr'>¹&lt;coporuni</span> <span class='ocrx_word' id='word_1_104' title='bbox 589 618 803 649; x_wconf 86' lang='lat' dir='ltr'>sollicitudine</span> <span class='ocrx_word' id='word_1_105' title='bbox 830 630 970 649; x_wconf 82' lang='lat' dir='ltr'>canones</span> <span class='ocrx_word' id='word_1_106' title='bbox 996 622 1213 647; x_wconf 74' lang='lat' dir='ltr'>statuerentur</span> <span class='ocrx_word' id='word_1_107' title='bbox 1244 616 1283 647; x_wconf 88' lang='lat' dir='ltr'>de</span> <span class='ocrx_word' id='word_1_108' title='bbox 1316 615 1412 647; x_wconf 89' lang='lat' dir='ltr'>rebus</span> <span class='ocrx_word' id='word_1_109' title='bbox 1437 617 1655 655; x_wconf 79' lang='lat' dir='ltr'>sanctificatis,</span> <span class='ocrx_word' id='word_1_110' title='bbox 1687 617 1722 648; x_wconf 86' lang='lat' dir='ltr'>id</span> <span class='ocrx_word' id='word_1_111' title='bbox 1752 623 1800 648; x_wconf 91' lang='lat' dir='ltr'>est</span> <span class='ocrx_word' id='word_1_112' title='bbox 1830 618 1930 649; x_wconf 85' lang='lat' dir='ltr'>sacris</span> <span class='ocrx_word' id='word_1_113' title='bbox 1961 618 2039 649; x_wconf 85' lang='lat' dir='ltr'>locis</span> 
     </span>
     <span class='ocr_line' id='line_1_11' title="bbox 394 669 2085 714; baseline -0.002 -11"><span class='ocrx_word' id='word_1_114' title='bbox 394 673 566 714; x_wconf 81' lang='lat' dir='ltr'>deputatis,</span> <span class='ocrx_word' id='word_1_115' title='bbox 592 672 730 714; x_wconf 83' lang='lat' dir='ltr'>qualiter</span> <span class='ocrx_word' id='word_1_116' title='bbox 754 677 919 702; x_wconf 87' lang='lat' dir='ltr'>tuerentur</span> <span class='ocrx_word' id='word_1_117' title='bbox 936 670 976 701; x_wconf 88' lang='lat' dir='ltr'>ab</span> <span class='ocrx_word' id='word_1_118' title='bbox 995 669 1160 711; x_wconf 87' lang='lat' dir='ltr'>improbis,</span> <span class='ocrx_word' id='word_1_119' title='bbox 1187 674 1354 700; x_wconf 85' lang='lat' dir='ltr'>tuerentur</span> <span class='ocrx_word' id='word_1_120' title='bbox 1371 680 1388 699; x_wconf 82' lang='lat' dir='ltr'>a</span> <span class='ocrx_word' id='word_1_121' title='bbox 1406 669 1678 711; x_wconf 82' lang='lat' dir='ltr'>gubernatoribus</span> <span class='ocrx_word' id='word_1_122' title='bbox 1695 671 1747 701; x_wconf 86' lang='lat' dir='ltr'>vel</span> <span class='ocrx_word' id='word_1_123' title='bbox 1768 671 2039 712; x_wconf 86' lang='lat' dir='ltr'>expenderentur.</span> <span class='ocrx_word' id='word_1_124' title='bbox 2061 682 2085 700; x_wconf 87' lang='grc' dir='ltr'>ιο</span> 
     </span>
     <span class='ocr_line' id='line_1_12' title="bbox 395 721 2041 766; baseline 0 -11"><span class='ocrx_word' id='word_1_125' title='bbox 395 726 625 756; x_wconf 67' lang='lat' dir='ltr'>Convenerunt</span> <span class='ocrx_word' id='word_1_126' title='bbox 650 725 804 766; x_wconf 78' lang='lat' dir='ltr'>episcopi,</span> <span class='ocrx_word' id='word_1_127' title='bbox 829 725 889 754; x_wconf 89' lang='lat' dir='ltr'>viri</span> <span class='ocrx_word' id='word_1_128' title='bbox 916 724 1028 762; x_wconf 83' lang='lat' dir='ltr'>sancti,</span> <span class='ocrx_word' id='word_1_129' title='bbox 1055 722 1172 765; x_wconf 86' lang='lat' dir='ltr'>quibus</span> <span class='ocrx_word' id='word_1_130' title='bbox 1196 728 1273 753; x_wconf 90' lang='lat' dir='ltr'>tunc</span> <span class='ocrx_word' id='word_1_131' title='bbox 1291 721 1503 754; x_wconf 83' lang='lat' dir='ltr'>habundabat</span> <span class='ocrx_word' id='word_1_132' title='bbox 1521 722 1669 763; x_wconf 87' lang='lat' dir='ltr'>ecclesia,</span> <span class='ocrx_word' id='word_1_133' title='bbox 1695 728 1874 755; x_wconf 85' lang='lat' dir='ltr'>statuerunt</span> <span class='ocrx_word' id='word_1_134' title='bbox 1890 724 2041 755; x_wconf 85' lang='lat' dir='ltr'>inlibatos</span> 
     </span>
     <span class='ocr_line' id='line_1_13' title="bbox 396 776 2039 818; baseline -0.001 -9"><span class='ocrx_word' id='word_1_135' title='bbox 396 779 581 809; x_wconf 85' lang='lat' dir='ltr'>conservari</span> <span class='ocrx_word' id='word_1_136' title='bbox 606 777 724 808; x_wconf 87' lang='lat' dir='ltr'>debere</span> <span class='ocrx_word' id='word_1_137' title='bbox 750 789 858 808; x_wconf 69' lang='lat' dir='ltr'>sacros</span> <span class='ocrx_word' id='word_1_138' title='bbox 884 788 1034 815; x_wconf 87' lang='lat' dir='ltr'>canones,</span> <span class='ocrx_word' id='word_1_139' title='bbox 1060 777 1115 818; x_wconf 92' lang='lat' dir='ltr'>qui</span> <span class='ocrx_word' id='word_1_140' title='bbox 1140 776 1257 806; x_wconf 85' lang='lat' dir='ltr'>firmati</span> <span class='ocrx_word' id='word_1_141' title='bbox 1282 781 1356 806; x_wconf 89' lang='lat' dir='ltr'>sunt</span> <span class='ocrx_word' id='word_1_142' title='bbox 1381 777 1495 818; x_wconf 88' lang='lat' dir='ltr'>spiritu</span> <span class='ocrx_word' id='word_1_143' title='bbox 1514 776 1588 815; x_wconf 87' lang='lat' dir='ltr'>Dei,</span> <span class='ocrx_word' id='word_1_144' title='bbox 1615 788 1775 808; x_wconf 86' lang='lat' dir='ltr'>consensu</span> <span class='ocrx_word' id='word_1_145' title='bbox 1798 778 1894 808; x_wconf 89' lang='lat' dir='ltr'>totius</span> <span class='ocrx_word' id='word_1_146' title='bbox 1918 777 2039 816; x_wconf 88' lang='lat' dir='ltr'>mundi,</span> 
     </span>
     <span class='ocr_line' id='line_1_14' title="bbox 396 829 2041 873; baseline -0.001 -11"><span class='ocrx_word' id='word_1_147' title='bbox 396 832 600 863; x_wconf 78' lang='lat' dir='ltr'>oboedientia</span> <span class='ocrx_word' id='word_1_148' title='bbox 635 831 834 873; x_wconf 81' lang='lat' dir='ltr'>principum,</span> <span class='ocrx_word' id='word_1_149' title='bbox 878 830 1089 861; x_wconf 83' lang='lat' dir='ltr'>consonantia</span> <span class='ocrx_word' id='word_1_150' title='bbox 1132 829 1374 870; x_wconf 76' lang='lat' dir='ltr'>scripturarum.</span> <span class='ocrx_word' id='word_1_151' title='bbox 1433 829 1486 859; x_wconf 82' lang='lat' dir='ltr'>Ex</span> <span class='ocrx_word' id='word_1_152' title='bbox 1526 841 1588 871; x_wconf 88' lang='lat' dir='ltr'>quo</span> <span class='ocrx_word' id='word_1_153' title='bbox 1624 835 1768 872; x_wconf 86' lang='lat' dir='ltr'>tempore</span> <span class='ocrx_word' id='word_1_154' title='bbox 1804 836 1973 872; x_wconf 84' lang='lat' dir='ltr'>acceptum</span> <span class='ocrx_word' id='word_1_155' title='bbox 2010 837 2041 861; x_wconf 89' lang='lat' dir='ltr'>et</span> 
     </span>
     <span class='ocr_line' id='line_1_15' title="bbox 395 882 2040 926; baseline -0.001 -11"><span class='ocrx_word' id='word_1_156' title='bbox 395 891 562 926; x_wconf 78' lang='lat' dir='ltr'>receptum</span> <span class='ocrx_word' id='word_1_157' title='bbox 588 890 635 915; x_wconf 84' lang='lat' dir='ltr'>est</span> <span class='ocrx_word' id='word_1_158' title='bbox 659 896 722 914; x_wconf 85' lang='lat' dir='ltr'>non</span> <span class='ocrx_word' id='word_1_159' title='bbox 748 883 835 914; x_wconf 83' lang='lat' dir='ltr'>aliud</span> <span class='ocrx_word' id='word_1_160' title='bbox 861 895 930 914; x_wconf 78' lang='lat' dir='ltr'>esse.</span> <span class='ocrx_word' id='word_1_161' title='bbox 956 894 1053 924; x_wconf 82' lang='lat' dir='ltr'>agere</span> <span class='ocrx_word' id='word_1_162' title='bbox 1085 883 1236 924; x_wconf 80' lang='lat' dir='ltr'>cuiquam</span> <span class='ocrx_word' id='word_1_163' title='bbox 1269 882 1424 913; x_wconf 78' lang='lat' dir='ltr'>adversus</span> <span class='ocrx_word' id='word_1_164' title='bbox 1457 894 1598 914; x_wconf 86' lang='lat' dir='ltr'>canones</span> <span class='ocrx_word' id='word_1_165' title='bbox 1630 894 1726 925; x_wconf 83' lang='lat' dir='ltr'>quan]</span> <span class='ocrx_word' id='word_1_166' title='bbox 1752 883 1909 914; x_wconf 79' lang='lat' dir='ltr'>adversus</span> <span class='ocrx_word' id='word_1_167' title='bbox 1933 884 2040 914; x_wconf 88' lang='lat' dir='ltr'>Deum</span> 
     </span>
     <span class='ocr_line' id='line_1_16' title="bbox 397 935 2086 978; baseline -0.002 -9"><span class='ocrx_word' id='word_1_168' title='bbox 397 944 428 969; x_wconf 90' lang='lat' dir='ltr'>et</span> <span class='ocrx_word' id='word_1_169' title='bbox 452 938 608 969; x_wconf 78' lang='lat' dir='ltr'>adversus</span> <span class='ocrx_word' id='word_1_170' title='bbox 634 938 702 968; x_wconf 79' lang='lat' dir='ltr'>eius</span> <span class='ocrx_word' id='word_1_171' title='bbox 726 936 941 968; x_wconf 83' lang='lat' dir='ltr'>universalem</span> <span class='ocrx_word' id='word_1_172' title='bbox 969 935 1149 975; x_wconf 77' lang='lat' dir='ltr'>ecclesiam,</span> <span class='ocrx_word' id='word_1_173' title='bbox 1182 946 1287 977; x_wconf 87' lang='lat' dir='ltr'>neque</span> <span class='ocrx_word' id='word_1_174' title='bbox 1313 947 1441 966; x_wconf 86' lang='lat' dir='ltr'>sensum</span> <span class='ocrx_word' id='word_1_175' title='bbox 1467 941 1515 967; x_wconf 88' lang='lat' dir='ltr'>est</span> <span class='ocrx_word' id='word_1_176' title='bbox 1538 948 1689 978; x_wconf 87' lang='lat' dir='ltr'>umquam</span> <span class='ocrx_word' id='word_1_177' title='bbox 1714 948 1733 967; x_wconf 87' lang='lat' dir='ltr'>a</span> <span class='ocrx_word' id='word_1_178' title='bbox 1758 936 1939 978; x_wconf 90' lang='lat' dir='ltr'>quibusque</span> <span class='ocrx_word' id='word_1_179' title='bbox 1964 937 2040 967; x_wconf 88' lang='lat' dir='ltr'>fide·</span> <span class='ocrx_word' id='word_1_180' title='bbox 2062 947 2086 965; x_wconf 78' lang='lat'>¹5</span> 
     </span>
     <span class='ocr_line' id='line_1_17' title="bbox 395 988 2041 1031; baseline -0.001 -10"><span class='ocrx_word' id='word_1_181' title='bbox 395 991 488 1023; x_wconf 86' lang='lat' dir='ltr'>libus.</span> <span class='ocrx_word' id='word_1_182' title='bbox 513 996 547 1022; x_wconf 92' lang='lat' dir='ltr'>ut</span> <span class='ocrx_word' id='word_1_183' title='bbox 571 990 649 1021; x_wconf 83' lang='lat' dir='ltr'>talia</span> <span class='ocrx_word' id='word_1_184' title='bbox 673 996 791 1021; x_wconf 85' lang='lat' dir='ltr'>statuta</span> <span class='ocrx_word' id='word_1_185' title='bbox 815 989 937 1031; x_wconf 85' lang='lat' dir='ltr'>absque</span> <span class='ocrx_word' id='word_1_186' title='bbox 964 988 1106 1031; x_wconf 84' lang='lat' dir='ltr'>periculo</span> <span class='ocrx_word' id='word_1_187' title='bbox 1132 988 1296 1030; x_wconf 82' lang='lat' dir='ltr'>religionis</span> <span class='ocrx_word' id='word_1_188' title='bbox 1320 988 1530 1020; x_wconf 84' lang='lat' dir='ltr'>violarentur.</span> <span class='ocrx_word' id='word_1_189' title='bbox 1579 989 1673 1028; x_wconf 79' lang='lat' dir='ltr'>Quod</span> <span class='ocrx_word' id='word_1_190' title='bbox 1706 1001 1782 1031; x_wconf 87' lang='lat' dir='ltr'>ergo</span> <span class='ocrx_word' id='word_1_191' title='bbox 1808 990 1879 1020; x_wconf 86' lang='lat' dir='ltr'>Deo</span> <span class='ocrx_word' id='word_1_192' title='bbox 1909 995 2041 1021; x_wconf 89' lang='lat' dir='ltr'>auctore</span> 
     </span>
     <span class='ocr_line' id='line_1_18' title="bbox 396 1042 2041 1084; baseline 0 -10"><span class='ocrx_word' id='word_1_193' title='bbox 396 1049 548 1075; x_wconf 81' lang='lat' dir='ltr'>statutum</span> <span class='ocrx_word' id='word_1_194' title='bbox 575 1051 631 1081; x_wconf 79' lang='lat' dir='ltr'>est,</span> <span class='ocrx_word' id='word_1_195' title='bbox 664 1055 747 1074; x_wconf 87' lang='lat' dir='ltr'>nova</span> <span class='ocrx_word' id='word_1_196' title='bbox 773 1043 958 1081; x_wconf 73' lang='lat' dir='ltr'>necessitas,</span> <span class='ocrx_word' id='word_1_197' title='bbox 992 1054 1053 1084; x_wconf 78' lang='lat' dir='ltr'>que</span> <span class='ocrx_word' id='word_1_198' title='bbox 1078 1048 1154 1073; x_wconf 84' lang='grc'><strong>111110</strong></span> <span class='ocrx_word' id='word_1_199' title='bbox 1179 1042 1332 1083; x_wconf 86' lang='lat' dir='ltr'>temporis</span> <span class='ocrx_word' id='word_1_200' title='bbox 1357 1053 1421 1072; x_wconf 91' lang='lat' dir='ltr'>non</span> <span class='ocrx_word' id='word_1_201' title='bbox 1445 1042 1573 1079; x_wconf 74' lang='lat' dir='ltr'>accidit,</span> <span class='ocrx_word' id='word_1_202' title='bbox 1600 1042 1820 1073; x_wconf 81' lang='lat' dir='ltr'>excusabilem</span> <span class='ocrx_word' id='word_1_203' title='bbox 1844 1043 1952 1074; x_wconf 84' lang='lat' dir='ltr'>faeere</span> <span class='ocrx_word' id='word_1_204' title='bbox 1977 1054 2041 1074; x_wconf 91' lang='lat' dir='ltr'>non</span> 
     </span>
     <span class='ocr_line' id='line_1_19' title="bbox 396 1095 2040 1139; baseline -0.001 -12"><span class='ocrx_word' id='word_1_205' title='bbox 396 1102 501 1139; x_wconf 83' lang='lat' dir='ltr'>potest</span> <span class='ocrx_word' id='word_1_206' title='bbox 524 1097 723 1135; x_wconf 79' lang='lat' dir='ltr'>violatorem,</span> <span class='ocrx_word' id='word_1_207' title='bbox 749 1097 824 1138; x_wconf 78' lang='lat' dir='ltr'>quia</span> <span class='ocrx_word' id='word_1_208' title='bbox 849 1096 1060 1137; x_wconf 83' lang='lat' dir='ltr'>omnipotenti</span> <span class='ocrx_word' id='word_1_209' title='bbox 1078 1095 1149 1126; x_wconf 92' lang='lat' dir='ltr'>Deo</span> <span class='ocrx_word' id='word_1_210' title='bbox 1175 1096 1283 1126; x_wconf 84' lang='lat' dir='ltr'>omnia</span> <span class='ocrx_word' id='word_1_211' title='bbox 1306 1100 1452 1137; x_wconf 86' lang='lat' dir='ltr'>tempora</span> <span class='ocrx_word' id='word_1_212' title='bbox 1476 1096 1647 1137; x_wconf 82' lang='lat' dir='ltr'>omniaque</span> <span class='ocrx_word' id='word_1_213' title='bbox 1673 1096 1836 1127; x_wconf 80' lang='lat' dir='ltr'>volumina</span> <span class='ocrx_word' id='word_1_214' title='bbox 1861 1096 2040 1127; x_wconf 87' lang='lat' dir='ltr'>seculorum</span> 
     </span>
     <span class='ocr_line' id='line_1_20' title="bbox 395 1148 2041 1192; baseline 0 -12"><span class='ocrx_word' id='word_1_215' title='bbox 395 1150 558 1192; x_wconf 78' lang='lat' dir='ltr'>presentia</span> <span class='ocrx_word' id='word_1_216' title='bbox 590 1156 661 1180; x_wconf 82' lang='lat' dir='ltr'>sunt</span> <span class='ocrx_word' id='word_1_217' title='bbox 694 1156 726 1180; x_wconf 90' lang='lat' dir='ltr'>et</span> <span class='ocrx_word' id='word_1_218' title='bbox 757 1150 872 1180; x_wconf 77' lang='lat' dir='ltr'>stantia</span> <span class='ocrx_word' id='word_1_219' title='bbox 906 1156 995 1187; x_wconf 65' lang='lat' dir='ltr'>suntg</span> <span class='ocrx_word' id='word_1_220' title='bbox 1027 1160 1132 1191; x_wconf 87' lang='lat' dir='ltr'>neque</span> <span class='ocrx_word' id='word_1_221' title='bbox 1165 1148 1287 1190; x_wconf 86' lang='lat' dir='ltr'>aliquid</span> <span class='ocrx_word' id='word_1_222' title='bbox 1320 1149 1465 1190; x_wconf 87' lang='lat' dir='ltr'>preteriti</span> <span class='ocrx_word' id='word_1_223' title='bbox 1497 1154 1602 1190; x_wconf 87' lang='lat' dir='ltr'>potest</span> <span class='ocrx_word' id='word_1_224' title='bbox 1627 1149 1790 1180; x_wconf 85' lang='lat' dir='ltr'>recordari</span> <span class='ocrx_word' id='word_1_225' title='bbox 1814 1160 1875 1180; x_wconf 91' lang='lat' dir='ltr'>nec</span> <span class='ocrx_word' id='word_1_226' title='bbox 1899 1149 2041 1180; x_wconf 84' lang='lat' dir='ltr'>futurum</span> 
     </span>
     <span class='ocr_line' id='line_1_21' title="bbox 395 1202 2087 1245; baseline 0 -12"><span class='ocrx_word' id='word_1_227' title='bbox 395 1203 517 1245; x_wconf 82' lang='lat' dir='ltr'>aliquid</span> <span class='ocrx_word' id='word_1_228' title='bbox 549 1208 733 1245; x_wconf 86' lang='lat' dir='ltr'>expectare.</span> <span class='ocrx_word' id='word_1_229' title='bbox 789 1203 892 1241; x_wconf 81' lang='lat' dir='ltr'>Quam</span> <span class='ocrx_word' id='word_1_230' title='bbox 926 1202 966 1233; x_wconf 84' lang='lat' dir='ltr'>ob</span> <span class='ocrx_word' id='word_1_231' title='bbox 996 1214 1063 1233; x_wconf 86' lang='lat' dir='ltr'>rem</span> <span class='ocrx_word' id='word_1_232' title='bbox 1093 1202 1163 1235; x_wconf 80' lang='lat' dir='ltr'>istc,</span> <span class='ocrx_word' id='word_1_233' title='bbox 1199 1213 1277 1244; x_wconf 84' lang='lat' dir='ltr'>quas</span> <span class='ocrx_word' id='word_1_234' title='bbox 1302 1213 1387 1232; x_wconf 92' lang='lat' dir='ltr'>nunc</span> <span class='ocrx_word' id='word_1_235' title='bbox 1412 1202 1557 1233; x_wconf 89' lang='lat' dir='ltr'>homines</span> <span class='ocrx_word' id='word_1_236' title='bbox 1582 1202 1787 1243; x_wconf 87' lang='lat' dir='ltr'>pretendunt,</span> <span class='ocrx_word' id='word_1_237' title='bbox 1820 1203 2040 1240; x_wconf 81' lang='lat' dir='ltr'>necessitates,</span> <span class='ocrx_word' id='word_1_238' title='bbox 2061 1213 2087 1232; x_wconf 76' lang='lat'>20</span> 
     </span>
     <span class='ocr_line' id='line_1_22' title="bbox 396 1255 2042 1298; baseline -0.001 -11"><span class='ocrx_word' id='word_1_239' title='bbox 396 1262 427 1287; x_wconf 83' lang='lat' dir='ltr'>et</span> <span class='ocrx_word' id='word_1_240' title='bbox 451 1268 585 1298; x_wconf 88' lang='lat' dir='ltr'>quarum</span> <span class='ocrx_word' id='word_1_241' title='bbox 611 1267 710 1287; x_wconf 84' lang='lat' dir='ltr'>causa</span> <span class='ocrx_word' id='word_1_242' title='bbox 734 1268 767 1287; x_wconf 84' lang='lat' dir='ltr'>se</span> <span class='ocrx_word' id='word_1_243' title='bbox 793 1256 923 1297; x_wconf 88' lang='lat' dir='ltr'>impune</span> <span class='ocrx_word' id='word_1_244' title='bbox 948 1261 1063 1297; x_wconf 84' lang='lat' dir='ltr'>putant</span> <span class='ocrx_word' id='word_1_245' title='bbox 1094 1267 1144 1286; x_wconf 89' lang='lat' dir='ltr'>res</span> <span class='ocrx_word' id='word_1_246' title='bbox 1175 1266 1284 1286; x_wconf 84' lang='lat' dir='ltr'>sacras</span> <span class='ocrx_word' id='word_1_247' title='bbox 1316 1256 1349 1286; x_wconf 90' lang='grc'>111</span> <span class='ocrx_word' id='word_1_248' title='bbox 1379 1266 1456 1286; x_wconf 88' lang='lat' dir='ltr'>usus</span> <span class='ocrx_word' id='word_1_249' title='bbox 1481 1266 1667 1286; x_wconf 78' lang='lat' dir='ltr'>comumnes</span> <span class='ocrx_word' id='word_1_250' title='bbox 1692 1260 1828 1294; x_wconf 81' lang='lat' dir='ltr'>vertere,</span> <span class='ocrx_word' id='word_1_251' title='bbox 1860 1255 1935 1286; x_wconf 85' lang='lat' dir='ltr'>licet</span> <span class='ocrx_word' id='word_1_252' title='bbox 1966 1261 2042 1286; x_wconf 87' lang='lat' dir='ltr'>tunc</span> 
     </span>
     <span class='ocr_line' id='line_1_23' title="bbox 396 1308 2043 1350; baseline 0 -11"><span class='ocrx_word' id='word_1_253' title='bbox 396 1309 578 1340; x_wconf 87' lang='lat' dir='ltr'>hominibus</span> <span class='ocrx_word' id='word_1_254' title='bbox 612 1310 737 1340; x_wconf 84' lang='lat' dir='ltr'>suturae</span> <span class='ocrx_word' id='word_1_255' title='bbox 770 1316 887 1343; x_wconf 80' lang='lat' dir='ltr'>essent,</span> <span class='ocrx_word' id='word_1_256' title='bbox 924 1309 996 1339; x_wconf 90' lang='lat' dir='ltr'>Deo</span> <span class='ocrx_word' id='word_1_257' title='bbox 1029 1315 1137 1340; x_wconf 86' lang='lat' dir='ltr'>tamen</span> <span class='ocrx_word' id='word_1_258' title='bbox 1169 1314 1335 1350; x_wconf 82' lang='lat' dir='ltr'>presentes</span> <span class='ocrx_word' id='word_1_259' title='bbox 1368 1314 1473 1339; x_wconf 85' lang='lat' dir='ltr'>erant:</span> <span class='ocrx_word' id='word_1_260' title='bbox 1511 1308 1662 1350; x_wconf 84' lang='lat' dir='ltr'>quodque</span> <span class='ocrx_word' id='word_1_261' title='bbox 1699 1309 1813 1350; x_wconf 86' lang='lat' dir='ltr'>spiritu</span> <span class='ocrx_word' id='word_1_262' title='bbox 1844 1320 1900 1339; x_wconf 91' lang='lat' dir='ltr'>suo</span> <span class='ocrx_word' id='word_1_263' title='bbox 1933 1309 2043 1339; x_wconf 86' lang='lat' dir='ltr'>statuit</span> 
     </span>
     <span class='ocr_line' id='line_1_24' title="bbox 397 1361 2042 1403; baseline 0.001 -12"><span class='ocrx_word' id='word_1_264' title='bbox 397 1362 534 1401; x_wconf 59' lang='lat' dir='ltr'>‹get-lesia</span> <span class='ocrx_word' id='word_1_265' title='bbox 558 1362 731 1393; x_wconf 86' lang='lat' dir='ltr'>tenendum</span> <span class='ocrx_word' id='word_1_266' title='bbox 759 1363 882 1393; x_wconf 79' lang='lat' dir='ltr'>eunctis</span> <span class='ocrx_word' id='word_1_267' title='bbox 908 1361 1022 1393; x_wconf 89' lang='lat' dir='ltr'>dicbus</span> <span class='ocrx_word' id='word_1_268' title='bbox 1048 1373 1149 1403; x_wconf 83' lang='lat' dir='ltr'>usquc</span> <span class='ocrx_word' id='word_1_269' title='bbox 1175 1362 1208 1392; x_wconf 88' lang='lat' dir='ltr'>in</span> <span class='ocrx_word' id='word_1_270' title='bbox 1233 1361 1328 1392; x_wconf 90' lang='lat' dir='ltr'>finem</span> <span class='ocrx_word' id='word_1_271' title='bbox 1354 1361 1454 1392; x_wconf 84' lang='lat' dir='ltr'>seculi</span> <span class='ocrx_word' id='word_1_272' title='bbox 1472 1361 1573 1392; x_wconf 83' lang='lat' dir='ltr'>voluit</span> <span class='ocrx_word' id='word_1_273' title='bbox 1598 1361 1762 1392; x_wconf 83' lang='lat' dir='ltr'>custodiri.</span> <span class='ocrx_word' id='word_1_274' title='bbox 1800 1361 1866 1392; x_wconf 75' lang='lat' dir='ltr'>Sed</span> <span class='ocrx_word' id='word_1_275' title='bbox 1891 1361 2042 1403; x_wconf 88' lang='lat' dir='ltr'>quoniam</span> 
     </span>
     <span class='ocr_line' id='line_1_25' title="bbox 396 1414 2043 1457; baseline 0 -12"><span class='ocrx_word' id='word_1_276' title='bbox 396 1416 480 1457; x_wconf 75' lang='lat' dir='ltr'>quod</span> <span class='ocrx_word' id='word_1_277' title='bbox 506 1415 544 1446; x_wconf 87' lang='lat' dir='ltr'>de</span> <span class='ocrx_word' id='word_1_278' title='bbox 571 1416 669 1446; x_wconf 83' lang='lat' dir='ltr'>sacris</span> <span class='ocrx_word' id='word_1_279' title='bbox 695 1415 791 1446; x_wconf 73' lang='lat' dir='ltr'>rebus</span> <span class='ocrx_word' id='word_1_280' title='bbox 816 1416 847 1446; x_wconf 92' lang='lat' dir='ltr'>in</span> <span class='ocrx_word' id='word_1_281' title='bbox 872 1415 1003 1446; x_wconf 85' lang='lat' dir='ltr'>laicales</span> <span class='ocrx_word' id='word_1_282' title='bbox 1030 1427 1104 1445; x_wconf 89' lang='lat' dir='ltr'>usus</span> <span class='ocrx_word' id='word_1_283' title='bbox 1130 1415 1250 1445; x_wconf 81' lang='lat' dir='ltr'>inlicite</span> <span class='ocrx_word' id='word_1_284' title='bbox 1277 1414 1438 1445; x_wconf 85' lang='lat' dir='ltr'>translatis</span> <span class='ocrx_word' id='word_1_285' title='bbox 1464 1414 1612 1450; x_wconf 75' lang='lat' dir='ltr'>dicimus,</span> <span class='ocrx_word' id='word_1_286' title='bbox 1637 1426 1701 1445; x_wconf 85' lang='lat' dir='ltr'>non</span> <span class='ocrx_word' id='word_1_287' title='bbox 1726 1414 1803 1445; x_wconf 83' lang='lat' dir='ltr'>fecit</span> <span class='ocrx_word' id='word_1_288' title='bbox 1824 1415 1883 1445; x_wconf 88' lang='lat' dir='ltr'>iste</span> <span class='ocrx_word' id='word_1_289' title='bbox 1906 1414 2043 1446; x_wconf 87' lang='lat' dir='ltr'>domnus</span> 
     </span>
     <span class='ocr_line' id='line_1_26' title="bbox 397 1467 2088 1510; baseline -0.001 -11"><span class='ocrx_word' id='word_1_290' title='bbox 397 1469 579 1510; x_wconf 82' lang='lat' dir='ltr'>imperator.</span> <span class='ocrx_word' id='word_1_291' title='bbox 605 1469 661 1499; x_wconf 69' lang='lat' dir='ltr'>sed</span> <span class='ocrx_word' id='word_1_292' title='bbox 686 1480 892 1510; x_wconf 80' lang='lat' dir='ltr'>precessores</span> <span class='ocrx_word' id='word_1_293' title='bbox 918 1469 986 1499; x_wconf 90' lang='lat' dir='ltr'>eius</span> <span class='ocrx_word' id='word_1_294' title='bbox 1012 1474 1042 1499; x_wconf 88' lang='lat' dir='ltr'>et</span> <span class='ocrx_word' id='word_1_295' title='bbox 1066 1473 1238 1510; x_wconf 86' lang='lat' dir='ltr'>propterea</span> <span class='ocrx_word' id='word_1_296' title='bbox 1262 1468 1314 1498; x_wconf 90' lang='lat' dir='ltr'>isti</span> <span class='ocrx_word' id='word_1_297' title='bbox 1338 1467 1537 1509; x_wconf 83' lang='lat' dir='ltr'>impossibile</span> <span class='ocrx_word' id='word_1_298' title='bbox 1564 1473 1611 1498; x_wconf 86' lang='lat' dir='ltr'>est</span> <span class='ocrx_word' id='word_1_299' title='bbox 1635 1468 1743 1498; x_wconf 83' lang='lat' dir='ltr'>onmia</span> <span class='ocrx_word' id='word_1_300' title='bbox 1767 1467 1951 1506; x_wconf 84' lang='lat' dir='ltr'>emendare,</span> <span class='ocrx_word' id='word_1_301' title='bbox 1982 1479 2043 1509; x_wconf 72' lang='lat' dir='ltr'>que</span> <span class='ocrx_word' id='word_1_302' title='bbox 2063 1477 2088 1496; x_wconf 81' lang='lat'>25</span> 
     </span>
     <span class='ocr_line' id='line_1_27' title="bbox 397 1520 2045 1564; baseline 0.001 -13"><span class='ocrx_word' id='word_1_303' title='bbox 397 1522 624 1552; x_wconf 73' lang='lat' dir='ltr'>antecedentes</span> <span class='ocrx_word' id='word_1_304' title='bbox 651 1522 732 1553; x_wconf 86' lang='lat' dir='ltr'>male</span> <span class='ocrx_word' id='word_1_305' title='bbox 758 1528 911 1564; x_wconf 78' lang='lat' dir='ltr'>usurpata</span> <span class='ocrx_word' id='word_1_306' title='bbox 938 1521 1137 1552; x_wconf 86' lang='lat' dir='ltr'>dimiserunt.</span> <span class='ocrx_word' id='word_1_307' title='bbox 1175 1521 1288 1552; x_wconf 85' lang='lat' dir='ltr'>Saltim</span> <span class='ocrx_word' id='word_1_308' title='bbox 1314 1520 1562 1551; x_wconf 86' lang='lat' dir='ltr'>admonentibus</span> <span class='ocrx_word' id='word_1_309' title='bbox 1587 1520 1679 1551; x_wconf 80' lang='lat' dir='ltr'>vobis</span> <span class='ocrx_word' id='word_1_310' title='bbox 1697 1521 1877 1562; x_wconf 85' lang='lat' dir='ltr'>recogitare</span> <span class='ocrx_word' id='word_1_311' title='bbox 1895 1521 2045 1562; x_wconf 85' lang='lat' dir='ltr'>dignetur</span> 
     </span>
     <span class='ocr_line' id='line_1_28' title="bbox 397 1574 2042 1617; baseline -0.001 -12"><span class='ocrx_word' id='word_1_312' title='bbox 397 1575 584 1616; x_wconf 82' lang='lat' dir='ltr'>periculum,</span> <span class='ocrx_word' id='word_1_313' title='bbox 611 1575 697 1617; x_wconf 85' lang='lat' dir='ltr'>quod</span> <span class='ocrx_word' id='word_1_314' title='bbox 722 1575 797 1605; x_wconf 85' lang='lat' dir='ltr'>licet</span> <span class='ocrx_word' id='word_1_315' title='bbox 822 1576 923 1606; x_wconf 82' lang='lat' dir='ltr'>vitare</span> <span class='ocrx_word' id='word_1_316' title='bbox 950 1580 1100 1617; x_wconf 77' lang='lat' dir='ltr'>nequeat,</span> <span class='ocrx_word' id='word_1_317' title='bbox 1126 1581 1234 1605; x_wconf 87' lang='lat' dir='ltr'>tamen</span> <span class='ocrx_word' id='word_1_318' title='bbox 1259 1574 1334 1604; x_wconf 90' lang='lat' dir='ltr'>dnm</span> <span class='ocrx_word' id='word_1_319' title='bbox 1360 1580 1484 1615; x_wconf 82' lang='lat' dir='ltr'>pensat,</span> <span class='ocrx_word' id='word_1_320' title='bbox 1510 1575 1601 1604; x_wconf 84' lang='lat' dir='ltr'>timet</span> <span class='ocrx_word' id='word_1_321' title='bbox 1626 1585 1663 1604; x_wconf 86' lang='lat' dir='ltr'>ac</span> <span class='ocrx_word' id='word_1_322' title='bbox 1688 1574 1784 1613; x_wconf 81' lang='lat' dir='ltr'>dolet,</span> <span class='ocrx_word' id='word_1_323' title='bbox 1810 1574 1897 1616; x_wconf 87' lang='lat' dir='ltr'>apud</span> <span class='ocrx_word' id='word_1_324' title='bbox 1921 1574 2042 1605; x_wconf 89' lang='lat' dir='ltr'>miseri-</span> 
     </span>
     <span class='ocr_line' id='line_1_29' title="bbox 397 1627 2042 1669; baseline -0.001 -11"><span class='ocrx_word' id='word_1_325' title='bbox 397 1628 525 1658; x_wconf 82' lang='lat' dir='ltr'>cordem</span> <span class='ocrx_word' id='word_1_326' title='bbox 558 1628 733 1659; x_wconf 85' lang='lat' dir='ltr'>Dominum</span> <span class='ocrx_word' id='word_1_327' title='bbox 767 1628 819 1659; x_wconf 84' lang='lat' dir='ltr'>fiat</span> <span class='ocrx_word' id='word_1_328' title='bbox 852 1640 910 1669; x_wconf 87' lang='lat' dir='ltr'>pcr</span> <span class='ocrx_word' id='word_1_329' title='bbox 942 1628 1022 1659; x_wconf 86' lang='lat' dir='ltr'>haec</span> <span class='ocrx_word' id='word_1_330' title='bbox 1054 1627 1262 1659; x_wconf 76' lang='lat' dir='ltr'>excusabilis.</span> <span class='ocrx_word' id='word_1_331' title='bbox 1316 1627 1359 1657; x_wconf 84' lang='lat' dir='ltr'>Et</span> <span class='ocrx_word' id='word_1_332' title='bbox 1389 1638 1446 1657; x_wconf 79' lang='lat' dir='ltr'>vos</span> <span class='ocrx_word' id='word_1_333' title='bbox 1478 1628 1713 1658; x_wconf 85' lang='lat' dir='ltr'>communicate</span> <span class='ocrx_word' id='word_1_334' title='bbox 1748 1627 1873 1669; x_wconf 86' lang='lat' dir='ltr'>pondus</span> <span class='ocrx_word' id='word_1_335' title='bbox 1909 1627 2042 1669; x_wconf 86' lang='lat' dir='ltr'>periculi</span> 
     </span>
     <span class='ocr_line' id='line_1_30' title="bbox 398 1680 2043 1723; baseline 0 -13"><span class='ocrx_word' id='word_1_336' title='bbox 398 1680 629 1723; x_wconf 72' lang='lat' dir='ltr'>sublevateque</span> <span class='ocrx_word' id='word_1_337' title='bbox 654 1687 847 1723; x_wconf 74' lang='lat' dir='ltr'>portantem,</span> <span class='ocrx_word' id='word_1_338' title='bbox 880 1682 911 1712; x_wconf 92' lang='lat' dir='ltr'>in</span> <span class='ocrx_word' id='word_1_339' title='bbox 945 1687 1099 1723; x_wconf 86' lang='lat' dir='ltr'>quantum</span> <span class='ocrx_word' id='word_1_340' title='bbox 1130 1681 1199 1711; x_wconf 82' lang='lat' dir='ltr'>fieri</span> <span class='ocrx_word' id='word_1_341' title='bbox 1224 1686 1339 1722; x_wconf 79' lang='lat' dir='ltr'>potest,</span> <span class='ocrx_word' id='word_1_342' title='bbox 1373 1686 1415 1719; x_wconf 89' lang='lat' dir='ltr'>ut,</span> <span class='ocrx_word' id='word_1_343' title='bbox 1448 1680 1523 1711; x_wconf 86' lang='grc'><strong>(111111</strong></span> <span class='ocrx_word' id='word_1_344' title='bbox 1549 1692 1606 1711; x_wconf 83' lang='lat' dir='ltr'>vos</span> <span class='ocrx_word' id='word_1_345' title='bbox 1631 1680 1675 1711; x_wconf 91' lang='lat' dir='ltr'>illi</span> <span class='ocrx_word' id='word_1_346' title='bbox 1701 1681 1976 1711; x_wconf 83' lang='lat' dir='ltr'>communicantes</span> <span class='ocrx_word' id='word_1_347' title='bbox 2000 1681 2043 1710; x_wconf 88' lang='lat' dir='ltr'>im</span> 
     </span>
     <span class='ocr_line' id='line_1_31' title="bbox 397 1732 2090 1776; baseline -0.001 -12"><span class='ocrx_word' id='word_1_348' title='bbox 397 1734 548 1776; x_wconf 70' lang='lat' dir='ltr'>periculis</span> <span class='ocrx_word' id='word_1_349' title='bbox 581 1740 612 1764; x_wconf 91' lang='lat' dir='ltr'>et</span> <span class='ocrx_word' id='word_1_350' title='bbox 642 1734 695 1765; x_wconf 86' lang='lat' dir='ltr'>ille</span> <span class='ocrx_word' id='word_1_351' title='bbox 721 1734 812 1765; x_wconf 78' lang='lat' dir='ltr'>vobis</span> <span class='ocrx_word' id='word_1_352' title='bbox 846 1735 1045 1776; x_wconf 81' lang='lat' dir='ltr'>compatiens</span> <span class='ocrx_word' id='word_1_353' title='bbox 1078 1735 1221 1765; x_wconf 84' lang='lat' dir='ltr'>extiterit</span> <span class='ocrx_word' id='word_1_354' title='bbox 1245 1734 1276 1764; x_wconf 96' lang='lat' dir='ltr'>in</span> <span class='ocrx_word' id='word_1_355' title='bbox 1303 1733 1446 1764; x_wconf 88' lang='lat' dir='ltr'>tristibus</span> <span class='ocrx_word' id='word_1_356' title='bbox 1471 1745 1508 1764; x_wconf 86' lang='lat' dir='ltr'>ac</span> <span class='ocrx_word' id='word_1_357' title='bbox 1534 1733 1685 1764; x_wconf 85' lang='lat' dir='ltr'>defensor</span> <span class='ocrx_word' id='word_1_358' title='bbox 1709 1734 1741 1764; x_wconf 89' lang='lat' dir='ltr'>in</span> <span class='ocrx_word' id='word_1_359' title='bbox 1766 1732 2044 1775; x_wconf 85' lang='lat' dir='ltr'>persecutionibus</span> <span class='ocrx_word' id='word_1_360' title='bbox 2065 1744 2090 1762; x_wconf 82' lang='lat'>30</span> 
     </span>
     <span class='ocr_line' id='line_1_32' title="bbox 398 1786 2044 1830; baseline 0 -13"><span class='ocrx_word' id='word_1_361' title='bbox 398 1787 537 1829; x_wconf 86' lang='lat' dir='ltr'>dumque</span> <span class='ocrx_word' id='word_1_362' title='bbox 572 1799 668 1818; x_wconf 88' lang='lat' dir='ltr'>unum</span> <span class='ocrx_word' id='word_1_363' title='bbox 703 1789 814 1830; x_wconf 81' lang='lat' dir='ltr'>sapitis</span> <span class='ocrx_word' id='word_1_364' title='bbox 850 1794 1037 1830; x_wconf 85' lang='lat' dir='ltr'>tantumque</span> <span class='ocrx_word' id='word_1_365' title='bbox 1069 1787 1246 1829; x_wconf 81' lang='lat' dir='ltr'>periculum</span> <span class='ocrx_word' id='word_1_366' title='bbox 1279 1787 1491 1817; x_wconf 83' lang='lat' dir='ltr'>communiter</span> <span class='ocrx_word' id='word_1_367' title='bbox 1526 1786 1679 1826; x_wconf 85' lang='lat' dir='ltr'>toleratis,</span> <span class='ocrx_word' id='word_1_368' title='bbox 1716 1792 1881 1817; x_wconf 83' lang='lat' dir='ltr'>avertatur</span> <span class='ocrx_word' id='word_1_369' title='bbox 1915 1786 1955 1817; x_wconf 86' lang='lat' dir='ltr'>ab</span> <span class='ocrx_word' id='word_1_370' title='bbox 1991 1786 2044 1817; x_wconf 88' lang='lat' dir='ltr'>illo</span> 
     </span>
     <span class='ocr_line' id='line_1_33' title="bbox 399 1839 2044 1882; baseline 0 -12"><span class='ocrx_word' id='word_1_371' title='bbox 399 1846 440 1882; x_wconf 69' lang='lat' dir='ltr'>(p,</span> <span class='ocrx_word' id='word_1_372' title='bbox 464 1845 538 1872; x_wconf 50' lang='lat' dir='ltr'>Itis)</span> <span class='ocrx_word' id='word_1_373' title='bbox 565 1852 690 1871; x_wconf 82' lang='lat' dir='ltr'>necnon</span> <span class='ocrx_word' id='word_1_374' title='bbox 716 1847 747 1871; x_wconf 84' lang='lat' dir='ltr'>et</span> <span class='ocrx_word' id='word_1_375' title='bbox 771 1853 788 1871; x_wconf 87' lang='lat' dir='ltr'>a</span> <span class='ocrx_word' id='word_1_376' title='bbox 813 1841 906 1872; x_wconf 69' lang='lat' dir='ltr'>vobis¹</span> <span class='ocrx_word' id='word_1_377' title='bbox 931 1840 1153 1871; x_wconf 87' lang='lat' dir='ltr'>huiuscemodi</span> <span class='ocrx_word' id='word_1_378' title='bbox 1178 1841 1447 1882; x_wconf 85' lang='lat' dir='ltr'>prevaricationis</span> <span class='ocrx_word' id='word_1_379' title='bbox 1472 1840 1637 1871; x_wconf 79' lang='lat' dir='ltr'>vindicta&#39;.</span> <span class='ocrx_word' id='word_1_380' title='bbox 1686 1839 1768 1871; x_wconf 87' lang='lat' dir='ltr'>Cum</span> <span class='ocrx_word' id='word_1_381' title='bbox 1800 1840 1880 1871; x_wconf 88' lang='lat' dir='ltr'>haec</span> <span class='ocrx_word' id='word_1_382' title='bbox 1905 1840 2002 1881; x_wconf 88' lang='lat' dir='ltr'>igitur</span> <span class='ocrx_word' id='word_1_383' title='bbox 2026 1851 2044 1870; x_wconf 90' lang='lat' dir='ltr'>a</span> 
     </span>
     <span class='ocr_line' id='line_1_34' title="bbox 399 1893 2048 1936; baseline 0.001 -13"><span class='ocrx_word' id='word_1_384' title='bbox 399 1905 447 1924; x_wconf 89' lang='grc'><strong>1110</strong></span> <span class='ocrx_word' id='word_1_385' title='bbox 472 1893 665 1927; x_wconf 75' lang='lat' dir='ltr'>dicerentur,</span> <span class='ocrx_word' id='word_1_386' title='bbox 691 1894 929 1936; x_wconf 84' lang='lat' dir='ltr'>responderunt</span> <span class='ocrx_word' id='word_1_387' title='bbox 953 1895 1006 1936; x_wconf 88' lang='lat' dir='ltr'>pie</span> <span class='ocrx_word' id='word_1_388' title='bbox 1031 1894 1283 1924; x_wconf 83' lang='lat' dir='ltr'>reverentissimi</span> <span class='ocrx_word' id='word_1_389' title='bbox 1308 1894 1369 1924; x_wconf 87' lang='lat' dir='ltr'>viri</span> <span class='ocrx_word' id='word_1_390' title='bbox 1386 1893 1571 1924; x_wconf 83' lang='lat' dir='ltr'>Adalardus</span> <span class='ocrx_word' id='word_1_391' title='bbox 1596 1898 1627 1924; x_wconf 88' lang='grc'>01</span> <span class='ocrx_word' id='word_1_392' title='bbox 1643 1893 1814 1924; x_wconf 81' lang='lat' dir='ltr'>Helisacar</span> <span class='ocrx_word' id='word_1_393' title='bbox 1839 1898 1875 1933; x_wconf 79' lang='lat' dir='ltr'>(s.</span> <span class='ocrx_word' id='word_1_394' title='bbox 1894 1893 2048 1924; x_wconf 68' lang='lat' dir='ltr'>Rc‘clzarc&#39;z&#39;</span> 
     </span>
     <span class='ocr_line' id='line_1_35' title="bbox 399 1946 2042 1990; baseline -0.001 -13"><span class='ocrx_word' id='word_1_395' title='bbox 399 1948 877 1990; x_wconf 42' lang='lat' dir='ltr'>121³..1ll11&#39;nae&#39;‚lmieyarensisy</span> <span class='ocrx_word' id='word_1_396' title='bbox 910 1946 1055 1978; x_wconf 82' lang='lat' dir='ltr'>abbates.</span> <span class='ocrx_word' id='word_1_397' title='bbox 1105 1947 1219 1977; x_wconf 87' lang='lat' dir='ltr'>Utrum</span> <span class='ocrx_word' id='word_1_398' title='bbox 1250 1958 1326 1977; x_wconf 89' lang='lat' dir='ltr'>vero</span> <span class='ocrx_word' id='word_1_399' title='bbox 1359 1946 1469 1977; x_wconf 83' lang='lat' dir='ltr'>audita</span> <span class='ocrx_word' id='word_1_400' title='bbox 1501 1946 1667 1977; x_wconf 87' lang='lat' dir='ltr'>retulerint</span> <span class='ocrx_word' id='word_1_401' title='bbox 1698 1946 1815 1977; x_wconf 86' lang='lat' dir='ltr'>domno</span> <span class='ocrx_word' id='word_1_402' title='bbox 1846 1946 2042 1987; x_wconf 82' lang='lat' dir='ltr'>imperatori,</span> 
     </span>
     <span class='ocr_line' id='line_1_36' title="bbox 399 1999 2088 2043; baseline 0 -14"><span class='ocrx_word' id='word_1_403' title='bbox 399 2000 524 2031; x_wconf 79' lang='lat' dir='ltr'>nescio:</span> <span class='ocrx_word' id='word_1_404' title='bbox 551 2002 593 2043; x_wconf 60' lang='lat' dir='ltr'>cf.</span> <span class='ocrx_word' id='word_1_405' title='bbox 613 2001 642 2030; x_wconf 79' lang='grc' dir='ltr'>-Ι,</span> <span class='ocrx_word' id='word_1_406' title='bbox 664 2001 700 2031; x_wconf 81' lang='lat' dir='ltr'>F.</span> <span class='ocrx_word' id='word_1_407' title='bbox 719 2001 860 2040; x_wconf 56' lang='lat' dir='ltr'>Mardus,</span> <span class='ocrx_word' id='word_1_408' title='bbox 885 2001 959 2032; x_wconf 59' lang='lat' dir='ltr'>‘Die</span> <span class='ocrx_word' id='word_1_409' title='bbox 977 2001 1330 2043; x_wconf 55' lang='lat' dir='ltr'>politisele-ltz&#39;rclzla&#39;clee</span> <span class='ocrx_word' id='word_1_410' title='bbox 1354 2000 1578 2031; x_wconf 54' lang='lat' dir='ltr'>IVirlcsamlteeit</span> <span class='ocrx_word' id='word_1_411' title='bbox 1601 2000 1654 2031; x_wconf 79' lang='lat' dir='ltr'>des</span> <span class='ocrx_word' id='word_1_412' title='bbox 1670 2000 1877 2042; x_wconf 63' lang='lat' dir='ltr'>Erzbz&#39;sclzqfis·</span> <span class='ocrx_word' id='word_1_413' title='bbox 1894 1999 2047 2041; x_wconf 59' lang='lat' dir='ltr'>Ayoffizrd</span> <span class='ocrx_word' id='word_1_414' title='bbox 2063 2010 2088 2029; x_wconf 75' lang='lat'>35</span> 
     </span>
     <span class='ocr_line' id='line_1_37' title="bbox 401 2053 2043 2095; baseline 0.002 -12"><span class='ocrx_word' id='word_1_415' title='bbox 401 2066 455 2083; x_wconf 73' lang='grc' dir='ltr'>1·οη</span> <span class='ocrx_word' id='word_1_416' title='bbox 494 2054 582 2095; x_wconf 61' lang='lat' dir='ltr'>Lgson</span> <span class='ocrx_word' id='word_1_417' title='bbox 625 2055 872 2085; x_wconf 54' lang='lat' dir='ltr'>mlahreshm-e‘chr</span> <span class='ocrx_word' id='word_1_418' title='bbox 914 2055 986 2083; x_wconf 66' lang='lat' dir='ltr'><em>iihm·</em></span> <span class='ocrx_word' id='word_1_419' title='bbox 1026 2054 1083 2083; x_wconf 63' lang='lat' dir='ltr'>(las</span> <span class='ocrx_word' id='word_1_420' title='bbox 1123 2053 1489 2095; x_wconf 64' lang='lat' dir='ltr'>Hcal-Prossgsnmasz&#39;um</span> <span class='ocrx_word' id='word_1_421' title='bbox 1532 2053 1588 2084; x_wconf 73' lang='lat' dir='ltr'>der</span> <span class='ocrx_word' id='word_1_422' title='bbox 1624 2053 1715 2084; x_wconf 75' lang='lat' dir='ltr'>Stadt</span> <span class='ocrx_word' id='word_1_423' title='bbox 1751 2053 1892 2083; x_wconf 52' lang='lat' dir='ltr'>Viersezff</span> <span class='ocrx_word' id='word_1_424' title='bbox 1929 2054 2043 2089; x_wconf 65' lang='grc'><strong>1333),</strong></span> 
     </span>
    </p>
   </div>
   <div class='ocr_carea' id='block_1_3' title="bbox 394 2109 569 2148">
    <p class='ocr_par' dir='ltr' id='par_1_3' title="bbox 394 2109 569 2148">
     <span class='ocr_line' id='line_1_38' title="bbox 394 2109 569 2148; baseline 0 -13"><span class='ocrx_word' id='word_1_425' title='bbox 394 2120 426 2147; x_wconf 70' lang='lat' dir='ltr'>st.</span> <span class='ocrx_word' id='word_1_426' title='bbox 450 2112 492 2139; x_wconf 62' lang='lat'>2²2.)</span> <span class='ocrx_word' id='word_1_427' title='bbox 504 2121 547 2148; x_wconf 68' lang='lat' dir='ltr'>sq.</span> <span class='ocrx_word' id='word_1_428' title='bbox 564 2109 569 2126; x_wconf 84' lang='lat'>¹</span> 
     </span>
    </p>
   </div>
   <div class='ocr_carea' id='block_1_4' title="bbox 399 2241 2089 2756">
    <p class='ocr_par' dir='ltr' id='par_1_4' title="bbox 399 2241 2089 2756">
     <span class='ocr_line' id='line_1_39' title="bbox 508 2241 2041 2281; baseline 0 -13"><span class='ocrx_word' id='word_1_429' title='bbox 508 2244 534 2274; x_wconf 74' lang='lat'>1)</span> <span class='ocrx_word' id='word_1_430' title='bbox 563 2243 609 2277; x_wconf 59' lang='lat' dir='ltr'>(ff.</span> <span class='ocrx_word' id='word_1_431' title='bbox 628 2253 699 2280; x_wconf 75' lang='lat' dir='ltr'>qnae</span> <span class='ocrx_word' id='word_1_432' title='bbox 712 2244 879 2281; x_wconf 65' lang='lat' dir='ltr'>Ayohardns</span> <span class='ocrx_word' id='word_1_433' title='bbox 897 2245 988 2278; x_wconf 71' lang='lat' dir='ltr'>refer!</span> <span class='ocrx_word' id='word_1_434' title='bbox 1005 2245 1021 2270; x_wconf 86' lang='grc' dir='ltr'>Ι.</span> <span class='ocrx_word' id='word_1_435' title='bbox 1041 2245 1058 2270; x_wconf 91' lang='grc' dir='ltr'>Ι.</span> <span class='ocrx_word' id='word_1_436' title='bbox 1085 2254 1121 2270; x_wconf 69' lang='lat' dir='ltr'>cc.</span> <span class='ocrx_word' id='word_1_437' title='bbox 1140 2246 1157 2271; x_wconf 88' lang='grc'><strong><em>5</em></strong></span> <span class='ocrx_word' id='word_1_438' title='bbox 1176 2248 1199 2270; x_wconf 71' lang='lat' dir='ltr'>cl</span> <span class='ocrx_word' id='word_1_439' title='bbox 1216 2245 1234 2271; x_wconf 85' lang='lat'><em>6</em></span> <span class='ocrx_word' id='word_1_440' title='bbox 1252 2241 1297 2278; x_wconf 69' lang='lat' dir='ltr'>(il).</span> <span class='ocrx_word' id='word_1_441' title='bbox 1312 2254 1343 2280; x_wconf 79' lang='lat' dir='ltr'>p.</span> <span class='ocrx_word' id='word_1_442' title='bbox 1362 2241 1432 2280; x_wconf 76' lang='lat'>168)</span> <span class='ocrx_word' id='word_1_443' title='bbox 1451 2244 1484 2271; x_wconf 78' lang='lat' dir='ltr'>de</span> <span class='ocrx_word' id='word_1_444' title='bbox 1501 2247 1633 2270; x_wconf 71' lang='lat' dir='ltr'>conventu</span> <span class='ocrx_word' id='word_1_445' title='bbox 1653 2242 1866 2279; x_wconf 70' lang='lat' dir='ltr'>Compendietzsl</span> <span class='ocrx_word' id='word_1_446' title='bbox 1880 2252 1956 2269; x_wconf 74' lang='lat' dir='ltr'>anno</span> <span class='ocrx_word' id='word_1_447' title='bbox 1972 2244 2041 2271; x_wconf 81' lang='grc'><em>823.</em></span> 
     </span>
     <span class='ocr_line' id='line_1_40' title="bbox 400 2296 2041 2331; baseline 0.001 -10"><span class='ocrx_word' id='word_1_448' title='bbox 400 2296 499 2322; x_wconf 46' lang='lat' dir='ltr'>habitu.</span> <span class='ocrx_word' id='word_1_449' title='bbox 526 2296 569 2322; x_wconf 64' lang='lat' dir='ltr'>nbi</span> <span class='ocrx_word' id='word_1_450' title='bbox 592 2301 653 2330; x_wconf 79' lang='lat' dir='ltr'>post</span> <span class='ocrx_word' id='word_1_451' title='bbox 680 2297 766 2323; x_wconf 85' lang='lat' dir='ltr'>multa</span> <span class='ocrx_word' id='word_1_452' title='bbox 793 2297 930 2331; x_wconf 80' lang='lat' dir='ltr'>colloquia</span> <span class='ocrx_word' id='word_1_453' title='bbox 950 2318 955 2323; x_wconf 89' lang='lat'>.</span> <span class='ocrx_word' id='word_1_454' title='bbox 976 2318 981 2322; x_wconf 85' lang='lat'>.</span> <span class='ocrx_word' id='word_1_455' title='bbox 1002 2318 1007 2323; x_wconf 86' lang='lat'>.</span> <span class='ocrx_word' id='word_1_456' title='bbox 1027 2298 1170 2323; x_wconf 78' lang='lat' dir='ltr'>ratiocinia</span> <span class='ocrx_word' id='word_1_457' title='bbox 1196 2301 1259 2323; x_wconf 86' lang='lat' dir='ltr'>sunt</span> <span class='ocrx_word' id='word_1_458' title='bbox 1284 2298 1434 2331; x_wconf 77' lang='lat' dir='ltr'>perducta,</span> <span class='ocrx_word' id='word_1_459' title='bbox 1458 2300 1490 2323; x_wconf 92' lang='lat' dir='ltr'>ut</span> <span class='ocrx_word' id='word_1_460' title='bbox 1514 2297 1631 2331; x_wconf 83' lang='lat' dir='ltr'>primum</span> <span class='ocrx_word' id='word_1_461' title='bbox 1655 2297 1846 2323; x_wconf 84' lang='lat' dir='ltr'>intellectibus</span> <span class='ocrx_word' id='word_1_462' title='bbox 1863 2297 1983 2322; x_wconf 88' lang='lat' dir='ltr'>omnium</span> <span class='ocrx_word' id='word_1_463' title='bbox 2000 2296 2041 2322; x_wconf 86' lang='lat' dir='ltr'>in-</span> 
     </span>
     <span class='ocr_line' id='line_1_41' title="bbox 401 2349 2089 2384; baseline 0 -9"><span class='ocrx_word' id='word_1_464' title='bbox 401 2349 578 2375; x_wconf 64' lang='lat' dir='ltr'>culcarentur</span> <span class='ocrx_word' id='word_1_465' title='bbox 603 2350 705 2376; x_wconf 77' lang='lat' dir='ltr'>delicta</span> <span class='ocrx_word' id='word_1_466' title='bbox 731 2351 765 2376; x_wconf 78' lang='lat' dir='ltr'>de</span> <span class='ocrx_word' id='word_1_467' title='bbox 792 2351 875 2376; x_wconf 72' lang='lat' dir='ltr'>rebus</span> <span class='ocrx_word' id='word_1_468' title='bbox 900 2351 984 2377; x_wconf 85' lang='lat' dir='ltr'>sacris</span> <span class='ocrx_word' id='word_1_469' title='bbox 1010 2351 1115 2376; x_wconf 72' lang='lat' dir='ltr'>inlicit&lt;¹</span> <span class='ocrx_word' id='word_1_470' title='bbox 1141 2351 1213 2381; x_wconf 62' lang='lat' dir='ltr'>usisq</span> <span class='ocrx_word' id='word_1_471' title='bbox 1239 2354 1302 2384; x_wconf 82' lang='lat' dir='ltr'>post</span> <span class='ocrx_word' id='word_1_472' title='bbox 1327 2360 1393 2377; x_wconf 87' lang='lat' dir='ltr'>vero</span> <span class='ocrx_word' id='word_1_473' title='bbox 1418 2360 1479 2377; x_wconf 87' lang='lat' dir='ltr'>eum</span> <span class='ocrx_word' id='word_1_474' title='bbox 1496 2351 1551 2377; x_wconf 84' lang='lat' dir='ltr'>Dei</span> <span class='ocrx_word' id='word_1_475' title='bbox 1577 2350 1674 2376; x_wconf 72' lang='lat' dir='ltr'>timore</span> <span class='ocrx_word' id='word_1_476' title='bbox 1698 2350 1726 2375; x_wconf 90' lang='lat' dir='ltr'>in</span> <span class='ocrx_word' id='word_1_477' title='bbox 1750 2349 1814 2382; x_wconf 91' lang='lat' dir='ltr'>illis,</span> <span class='ocrx_word' id='word_1_478' title='bbox 1840 2358 1909 2384; x_wconf 85' lang='lat' dir='ltr'>quas</span> <span class='ocrx_word' id='word_1_479' title='bbox 1924 2349 2042 2381; x_wconf 84' lang='lat' dir='ltr'>habeut,</span> <span class='ocrx_word' id='word_1_480' title='bbox 2063 2355 2089 2373; x_wconf 78' lang='grc'>40</span> 
     </span>
     <span class='ocr_line' id='line_1_42' title="bbox 399 2402 2042 2441; baseline 0.001 -14"><span class='ocrx_word' id='word_1_481' title='bbox 399 2402 459 2427; x_wconf 81' lang='lat' dir='ltr'>laici</span> <span class='ocrx_word' id='word_1_482' title='bbox 487 2402 622 2428; x_wconf 68' lang='lat' dir='ltr'>cautiores</span> <span class='ocrx_word' id='word_1_483' title='bbox 649 2403 753 2431; x_wconf 70' lang='lat' dir='ltr'>effecti,</span> <span class='ocrx_word' id='word_1_484' title='bbox 780 2404 861 2429; x_wconf 76' lang='lat' dir='ltr'>etiam</span> <span class='ocrx_word' id='word_1_485' title='bbox 888 2404 913 2429; x_wconf 87' lang='lat' dir='ltr'>in</span> <span class='ocrx_word' id='word_1_486' title='bbox 940 2404 991 2435; x_wconf 66' lang='lat' dir='ltr'>his,</span> <span class='ocrx_word' id='word_1_487' title='bbox 1017 2413 1074 2438; x_wconf 49' lang='grc' dir='ltr'>(1111,Ι</span> <span class='ocrx_word' id='word_1_488' title='bbox 1100 2408 1294 2429; x_wconf 79' lang='lat' dir='ltr'>remanserunt</span> <span class='ocrx_word' id='word_1_489' title='bbox 1322 2403 1458 2441; x_wconf 60' lang='lat' dir='ltr'>ecclesiis,</span> <span class='ocrx_word' id='word_1_490' title='bbox 1490 2403 1631 2429; x_wconf 87' lang='lat' dir='ltr'>fideliores</span> <span class='ocrx_word' id='word_1_491' title='bbox 1663 2406 1749 2437; x_wconf 85' lang='lat' dir='ltr'>atque</span> <span class='ocrx_word' id='word_1_492' title='bbox 1775 2402 1971 2429; x_wconf 83' lang='lat' dir='ltr'>clementiores</span> <span class='ocrx_word' id='word_1_493' title='bbox 1996 2411 2042 2428; x_wconf 80' lang='lat' dir='ltr'>ex-</span> 
     </span>
     <span class='ocr_line' id='line_1_43' title="bbox 401 2455 2042 2491; baseline 0.001 -11"><span class='ocrx_word' id='word_1_494' title='bbox 401 2455 528 2480; x_wconf 68' lang='lat' dir='ltr'>isterent.</span> <span class='ocrx_word' id='word_1_495' title='bbox 564 2456 599 2480; x_wconf 82' lang='lat' dir='ltr'>ita</span> <span class='ocrx_word' id='word_1_496' title='bbox 627 2461 655 2481; x_wconf 88' lang='grc'>111</span> <span class='ocrx_word' id='word_1_497' title='bbox 682 2462 707 2482; x_wconf 79' lang='lat' dir='ltr'>et</span> <span class='ocrx_word' id='word_1_498' title='bbox 734 2457 789 2482; x_wconf 77' lang='grc'><strong>51115</strong></span> <span class='ocrx_word' id='word_1_499' title='bbox 814 2457 981 2483; x_wconf 82' lang='lat' dir='ltr'>adhiberent</span> <span class='ocrx_word' id='word_1_500' title='bbox 1007 2457 1154 2491; x_wconf 75' lang='lat' dir='ltr'>pietatem,</span> <span class='ocrx_word' id='word_1_501' title='bbox 1187 2461 1215 2482; x_wconf 90' lang='lat' dir='ltr'>ut</span> <span class='ocrx_word' id='word_1_502' title='bbox 1249 2460 1276 2482; x_wconf 83' lang='lat' dir='ltr'>et</span> <span class='ocrx_word' id='word_1_503' title='bbox 1303 2457 1428 2483; x_wconf 79' lang='lat' dir='ltr'>ecelesiis</span> <span class='ocrx_word' id='word_1_504' title='bbox 1454 2456 1659 2485; x_wconf 78' lang='lat' dir='ltr'>defensionem,</span> <span class='ocrx_word' id='word_1_505' title='bbox 1690 2455 1830 2489; x_wconf 83' lang='lat' dir='ltr'>fieretque</span> <span class='ocrx_word' id='word_1_506' title='bbox 1862 2456 2042 2489; x_wconf 85' lang='lat' dir='ltr'>compatienti</span> 
     </span>
     <span class='ocr_line' id='line_1_44' title="bbox 401 2508 2044 2544; baseline 0.002 -13"><span class='ocrx_word' id='word_1_507' title='bbox 401 2508 545 2533; x_wconf 72' lang='lat' dir='ltr'>eoncordia</span> <span class='ocrx_word' id='word_1_508' title='bbox 571 2509 757 2535; x_wconf 73' lang='lat' dir='ltr'>remediabilis</span> <span class='ocrx_word' id='word_1_509' title='bbox 783 2519 813 2535; x_wconf 84' lang='lat' dir='ltr'>ae</span> <span class='ocrx_word' id='word_1_510' title='bbox 839 2510 985 2536; x_wconf 78' lang='lat' dir='ltr'>veniabilis</span> <span class='ocrx_word' id='word_1_511' title='bbox 1010 2510 1136 2537; x_wconf 75' lang='lat' dir='ltr'>offensio.</span> <span class='ocrx_word' id='word_1_512' title='bbox 1163 2519 1218 2544; x_wconf 63' lang='lat' dir='ltr'>quq</span> <span class='ocrx_word' id='word_1_513' title='bbox 1245 2510 1416 2544; x_wconf 84' lang='lat' dir='ltr'>quomitante</span> <span class='ocrx_word' id='word_1_514' title='bbox 1442 2510 1550 2544; x_wconf 86' lang='lat' dir='ltr'>pietate</span> <span class='ocrx_word' id='word_1_515' title='bbox 1577 2510 1611 2535; x_wconf 83' lang='lat' dir='ltr'>de</span> <span class='ocrx_word' id='word_1_516' title='bbox 1636 2509 1813 2544; x_wconf 86' lang='lat' dir='ltr'>indulgentia</span> <span class='ocrx_word' id='word_1_517' title='bbox 1838 2517 1949 2543; x_wconf 89' lang='lat' dir='ltr'>quoque</span> <span class='ocrx_word' id='word_1_518' title='bbox 1968 2513 2044 2535; x_wconf 82' lang='lat' dir='ltr'>esset</span> 
     </span>
     <span class='ocr_line' id='line_1_45' title="bbox 400 2562 2042 2597; baseline 0.002 -12"><span class='ocrx_word' id='word_1_519' title='bbox 400 2569 507 2586; x_wconf 60' lang='lat' dir='ltr'>secura.</span> <span class='ocrx_word' id='word_1_520' title='bbox 546 2566 581 2587; x_wconf 72' lang='lat' dir='ltr'>(c.</span> <span class='ocrx_word' id='word_1_521' title='bbox 601 2564 631 2588; x_wconf 67' lang='lat' dir='ltr'>o&#39;s</span> <span class='ocrx_word' id='word_1_522' title='bbox 658 2562 737 2587; x_wconf 69' lang='lat' dir='ltr'>Hane</span> <span class='ocrx_word' id='word_1_523' title='bbox 763 2571 820 2588; x_wconf 73' lang='lat' dir='ltr'>reni</span> <span class='ocrx_word' id='word_1_524' title='bbox 845 2572 905 2589; x_wconf 84' lang='lat' dir='ltr'>cum</span> <span class='ocrx_word' id='word_1_525' title='bbox 931 2564 1046 2589; x_wconf 85' lang='lat' dir='ltr'>domnus</span> <span class='ocrx_word' id='word_1_526' title='bbox 1071 2563 1221 2597; x_wconf 82' lang='lat' dir='ltr'>imperator</span> <span class='ocrx_word' id='word_1_527' title='bbox 1245 2563 1356 2589; x_wconf 84' lang='lat' dir='ltr'>audiret</span> <span class='ocrx_word' id='word_1_528' title='bbox 1377 2567 1462 2597; x_wconf 88' lang='lat' dir='ltr'>atque</span> <span class='ocrx_word' id='word_1_529' title='bbox 1479 2563 1683 2597; x_wconf 74' lang='lat' dir='ltr'>perpenderet,</span> <span class='ocrx_word' id='word_1_530' title='bbox 1709 2562 1806 2589; x_wconf 87' lang='lat' dir='ltr'>volens</span> <span class='ocrx_word' id='word_1_531' title='bbox 1823 2571 1884 2589; x_wconf 85' lang='lat' dir='ltr'>eam</span> <span class='ocrx_word' id='word_1_532' title='bbox 1901 2562 2042 2588; x_wconf 85' lang='lat' dir='ltr'>deducere</span> 
     </span>
     <span class='ocr_line' id='line_1_46' title="bbox 401 2614 2088 2653; baseline 0.002 -16"><span class='ocrx_word' id='word_1_533' title='bbox 401 2614 434 2638; x_wconf 76' lang='lat' dir='ltr'>ad</span> <span class='ocrx_word' id='word_1_534' title='bbox 461 2614 690 2647; x_wconf 76' lang='lat' dir='ltr'>tranquillitatem</span> <span class='ocrx_word' id='word_1_535' title='bbox 716 2616 802 2648; x_wconf 79' lang='lat' dir='ltr'>pas-is,</span> <span class='ocrx_word' id='word_1_536' title='bbox 828 2624 883 2653; x_wconf 56' lang='grc'><strong>(1110</strong></span> <span class='ocrx_word' id='word_1_537' title='bbox 910 2617 944 2642; x_wconf 78' lang='lat' dir='ltr'>ad</span> <span class='ocrx_word' id='word_1_538' title='bbox 969 2617 1106 2642; x_wconf 86' lang='lat' dir='ltr'>modicum</span> <span class='ocrx_word' id='word_1_539' title='bbox 1131 2617 1245 2642; x_wconf 78' lang='lat' dir='ltr'>turbata</span> <span class='ocrx_word' id='word_1_540' title='bbox 1264 2616 1367 2649; x_wconf 83' lang='lat' dir='ltr'>suerat,</span> <span class='ocrx_word' id='word_1_541' title='bbox 1394 2616 1572 2650; x_wconf 83' lang='lat' dir='ltr'>quantumin</span> <span class='ocrx_word' id='word_1_542' title='bbox 1590 2624 1619 2641; x_wconf 85' lang='lat' dir='ltr'>se</span> <span class='ocrx_word' id='word_1_543' title='bbox 1637 2615 1700 2647; x_wconf 82' lang='lat' dir='ltr'>fuit,</span> <span class='ocrx_word' id='word_1_544' title='bbox 1725 2615 1793 2642; x_wconf 89' lang='lat' dir='ltr'>fecit</span> <span class='ocrx_word' id='word_1_545' title='bbox 1809 2615 1881 2641; x_wconf 84' lang='lat' dir='ltr'>uniri</span> <span class='ocrx_word' id='word_1_546' title='bbox 1898 2615 2043 2649; x_wconf 83' lang='lat' dir='ltr'>episcopos</span> <span class='ocrx_word' id='word_1_547' title='bbox 2063 2621 2088 2638; x_wconf 78' lang='grc'>45</span> 
     </span>
     <span class='ocr_line' id='line_1_47' title="bbox 402 2667 2043 2703; baseline 0.001 -12"><span class='ocrx_word' id='word_1_548' title='bbox 402 2670 429 2691; x_wconf 64' lang='lat' dir='ltr'>vt</span> <span class='ocrx_word' id='word_1_549' title='bbox 456 2667 569 2692; x_wconf 67' lang='lat' dir='ltr'>vomites</span> <span class='ocrx_word' id='word_1_550' title='bbox 595 2667 620 2692; x_wconf 89' lang='grc'>111</span> <span class='ocrx_word' id='word_1_551' title='bbox 647 2676 809 2693; x_wconf 71' lang='lat' dir='ltr'>consensum</span> <span class='ocrx_word' id='word_1_552' title='bbox 835 2673 862 2694; x_wconf 81' lang='lat' dir='ltr'>et</span> <span class='ocrx_word' id='word_1_553' title='bbox 888 2678 996 2703; x_wconf 80' lang='lat' dir='ltr'>pacem.</span> <span class='ocrx_word' id='word_1_554' title='bbox 1039 2670 1079 2695; x_wconf 85' lang='lat' dir='ltr'>Ex</span> <span class='ocrx_word' id='word_1_555' title='bbox 1104 2669 1154 2695; x_wconf 84' lang='lat' dir='ltr'>hoc</span> <span class='ocrx_word' id='word_1_556' title='bbox 1179 2669 1275 2703; x_wconf 82' lang='lat' dir='ltr'>itaque</span> <span class='ocrx_word' id='word_1_557' title='bbox 1300 2669 1395 2703; x_wconf 88' lang='lat' dir='ltr'>putavi</span> <span class='ocrx_word' id='word_1_558' title='bbox 1422 2677 1485 2703; x_wconf 74' lang='lat' dir='ltr'>ego,</span> <span class='ocrx_word' id='word_1_559' title='bbox 1510 2669 1584 2703; x_wconf 85' lang='lat' dir='ltr'>quod</span> <span class='ocrx_word' id='word_1_560' title='bbox 1610 2669 1707 2694; x_wconf 84' lang='lat' dir='ltr'>codem</span> <span class='ocrx_word' id='word_1_561' title='bbox 1732 2668 1822 2700; x_wconf 81' lang='lat' dir='ltr'>modo,</span> <span class='ocrx_word' id='word_1_562' title='bbox 1849 2677 1902 2702; x_wconf 89' lang='lat' dir='ltr'>qno</span> <span class='ocrx_word' id='word_1_563' title='bbox 1927 2668 2043 2694; x_wconf 86' lang='lat' dir='ltr'>domnus</span> 
     </span>
     <span class='ocr_line' id='line_1_48' title="bbox 402 2719 2042 2756; baseline 0.002 -13"><span class='ocrx_word' id='word_1_564' title='bbox 402 2719 551 2752; x_wconf 67' lang='lat' dir='ltr'>imperator</span> <span class='ocrx_word' id='word_1_565' title='bbox 575 2721 703 2753; x_wconf 80' lang='lat' dir='ltr'>pensavit</span> <span class='ocrx_word' id='word_1_566' title='bbox 730 2725 814 2754; x_wconf 77' lang='lat' dir='ltr'>atque</span> <span class='ocrx_word' id='word_1_567' title='bbox 841 2722 980 2748; x_wconf 78' lang='lat' dir='ltr'>intellexit</span> <span class='ocrx_word' id='word_1_568' title='bbox 1006 2723 1141 2748; x_wconf 78' lang='lat' dir='ltr'>rationem</span> <span class='ocrx_word' id='word_1_569' title='bbox 1171 2723 1311 2756; x_wconf 85' lang='lat' dir='ltr'>sopirique</span> <span class='ocrx_word' id='word_1_570' title='bbox 1342 2721 1409 2751; x_wconf 83' lang='lat' dir='ltr'>feeit</span> <span class='ocrx_word' id='word_1_571' title='bbox 1442 2721 1654 2754; x_wconf 79' lang='lat' dir='ltr'>dissensionem,</span> <span class='ocrx_word' id='word_1_572' title='bbox 1687 2730 1781 2747; x_wconf 86' lang='lat' dir='ltr'>omnes</span> <span class='ocrx_word' id='word_1_573' title='bbox 1814 2721 1897 2747; x_wconf 84' lang='lat' dir='ltr'>etiam</span> <span class='ocrx_word' id='word_1_574' title='bbox 1928 2721 2042 2747; x_wconf 82' lang='lat' dir='ltr'>comites</span> 
     </span>
    </p>
   </div>
   <div class='ocr_carea' id='block_1_5' title="bbox 403 2771 2042 2809">
    <p class='ocr_par' dir='ltr' id='par_1_5' title="bbox 403 2771 2042 2809">
     <span class='ocr_line' id='line_1_49' title="bbox 403 2771 2042 2809; baseline 0.002 -14"><span class='ocrx_word' id='word_1_575' title='bbox 403 2771 446 2797; x_wconf 81' lang='lat' dir='ltr'>vel</span> <span class='ocrx_word' id='word_1_576' title='bbox 471 2772 596 2798; x_wconf 76' lang='lat' dir='ltr'>honorati</span> <span class='ocrx_word' id='word_1_577' title='bbox 623 2773 681 2798; x_wconf 70' lang='lat' dir='ltr'>eius</span> <span class='ocrx_word' id='word_1_578' title='bbox 706 2773 910 2800; x_wconf 68' lang='lat' dir='ltr'>intellexissent</span> <span class='ocrx_word' id='word_1_579' title='bbox 936 2778 1021 2809; x_wconf 84' lang='lat' dir='ltr'>atque</span> <span class='ocrx_word' id='word_1_580' title='bbox 1047 2775 1211 2801; x_wconf 74' lang='lat' dir='ltr'>voluissent.</span> <span class='ocrx_word' id='word_1_581' title='bbox 1249 2774 1306 2801; x_wconf 79' lang='lat' dir='ltr'>Sed</span> <span class='ocrx_word' id='word_1_582' title='bbox 1332 2784 1345 2801; x_wconf 83' lang='lat' dir='ltr'>e</span> <span class='ocrx_word' id='word_1_583' title='bbox 1372 2775 1521 2805; x_wconf 82' lang='lat' dir='ltr'>contrario,</span> <span class='ocrx_word' id='word_1_584' title='bbox 1546 2777 1576 2800; x_wconf 89' lang='lat' dir='ltr'>ut</span> <span class='ocrx_word' id='word_1_585' title='bbox 1593 2775 1685 2806; x_wconf 78' lang='lat' dir='ltr'>audio,</span> <span class='ocrx_word' id='word_1_586' title='bbox 1712 2774 1767 2806; x_wconf 78' lang='lat' dir='ltr'>isti,</span> <span class='ocrx_word' id='word_1_587' title='bbox 1793 2775 1828 2800; x_wconf 91' lang='lat' dir='ltr'>de</span> <span class='ocrx_word' id='word_1_588' title='bbox 1846 2774 1946 2809; x_wconf 89' lang='lat' dir='ltr'>quibus</span> <span class='ocrx_word' id='word_1_589' title='bbox 1963 2774 2042 2800; x_wconf 88' lang='lat' dir='ltr'>nobis</span> 
     </span>
    </p>
   </div>
  </div>
 </body>
</html>
