2215 3052
391 144 452 173 838
482 145 690 172 APPENDIX.
718 145 746 171 9.
765 144 869 171 ACTA
887 144 1026 172 SPURIA
1044 145 1098 171 AD
1117 144 1335 171 CONCILIUM
1355 143 1633 170 CARISIACENSE
1652 143 1894 171 SPECTANTIA
1911 144 1948 171 A.
1965 144 2037 171 838.

391 245 424 270 ut
448 243 522 269 ante
548 250 581 268 sc
606 238 639 268 in
664 249 720 269 suo
746 237 865 279 palatio
890 238 961 279 ipsa
986 237 1151 268 altercatio
1168 238 1324 269 finiretur.
1364 237 1457 268 Tunc
1482 248 1558 278 ergo
1583 237 1676 268 iussit
1694 237 1829 268 domnus
1853 237 2038 280 imperator,

387 298 421 322 ut
445 290 602 322 haberent
626 290 721 321 ambo
747 301 856 321 eorum
882 291 1091 321 auctoritates
1117 295 1148 321 et
1172 291 1357 321 testimonia
1380 290 1579 332 Aquisgrani
1609 289 1730 332 palatio
1758 290 1800 321 ad
1824 302 1915 321 suum
1940 290 2037 332 placi-

387 350 467 378 tum:
489 343 576 385 quod
600 343 645 374 ibi
663 342 937 385 quadragesimali
954 348 1098 385 tempore
1116 354 1189 374 cum
1207 344 1367 385 episcopis
1385 348 1417 374 et
1433 342 1605 374 abbatibus
1630 348 1662 374 et
1678 342 1849 374 comitibus
1873 348 1905 374 et
1922 344 2038 374 ceteris

387 396 535 427 fidelibus
561 397 626 427 suis
651 395 802 435 habebat,
827 401 861 426 ut
885 395 930 426 ibi
955 395 1092 438 pleniter
1116 396 1284 438 praefixa1
1308 396 1474 427 altercatio
1499 396 1596 427 finem
1624 397 1815 438 perciperet.
1865 396 1930 427 Sed
1955 396 2037 438 Sigi-

386 450 524 480 mundus
549 450 613 480 iam
637 454 771 480 vocatus
796 448 837 479 ad
862 449 967 491 ipsum
992 449 1147 490 placitum
1171 450 1301 480 minime
1326 450 1484 491 pervenit.
1534 449 1607 488 Qua
1631 449 1670 480 (le
1695 461 1729 480 re
1760 450 1877 480 iterum
1901 449 2036 480 domnus
2059 461 2071 479 5

386 504 561 545 imperator
585 514 643 544 per
668 514 758 533 suam
784 502 952 544 epistolam
977 513 1050 533 eum
1074 503 1214 541 vocavit,
1240 508 1274 533 ut
1297 508 1370 544 post
1394 502 1542 533 Paseha2
1566 502 1700 533 veniret.
1749 502 1814 540 Qui
1845 507 1877 533 et
1904 502 1964 533 hoc
1989 513 2037 533 re-

386 567 487 587 nuens
519 557 583 586 iam
615 556 709 586 tertio
741 560 875 586 vocatus
907 555 1040 586 minime
1072 556 1162 586 venit
1192 567 1298 597 neque
1323 556 1455 586 missum
1480 555 1621 597 aliquem
1645 555 1739 593 misit,
1766 566 1823 585 eur
1845 555 1907 586 hoc
1932 555 2036 586 dimit-

386 614 476 640 teret.
525 609 617 639 Tunc
643 620 778 639 cernens
797 608 933 639 domnus
958 609 1133 650 imperator
1150 620 1240 640 suam
1265 608 1519 640 inobedientiam
1545 613 1576 638 et
1592 608 1827 639 contumaciam
1853 609 2038 650 expectavit

386 668 493 693 tamen
526 662 632 693 adhuc
664 668 736 704 post
767 662 896 692 tertium
928 661 1113 693 condictum
1144 662 1298 704 placitum
1324 662 1509 703 quindecim
1534 661 1613 699 dies,
1638 666 1673 691 ut
1696 661 1831 691 veniret.
1880 660 1945 692 Sed
1970 672 2037 692 cer-

386 726 465 746 nens
491 726 563 746 eum
588 716 651 746 iam
676 715 787 745 venire
813 726 876 745 non
901 714 984 745 velle
1009 726 1114 757 neque
1140 727 1231 746 suam
1255 716 1412 745 rationem
1438 715 1520 745 iuste
1546 713 1695 753 diffinire,
1721 714 1797 755 quia
1820 714 1951 745 minime
1977 714 2036 745 hoc
2058 727 2082 745 lo

386 767 622 799 rationabiliter
646 773 677 799 et
701 768 863 799 veraciter
887 779 920 799 se
946 768 1053 799 facere
1079 767 1261 799 confidebat
1286 774 1317 798 et
1336 774 1508 809 propterca
1524 768 1635 798 venire
1661 767 1703 797 ad
1719 766 1873 808 placitum
1897 767 2037 803 nolebat,

386 827 461 852 tunc
499 821 634 852 domnus
671 822 847 863 imperator
882 822 1095 862 interrogavit
1131 833 1204 852 suos
1241 821 1441 852 consiliarios
1472 826 1503 851 et
1535 821 1704 862 episcopos
1736 820 1803 850 sive
1836 819 1971 851 abbates
2007 827 2038 852 et

387 876 519 906 comites
545 881 576 906 et
600 875 742 917 reliquos
767 874 878 905 fideles
903 886 988 914 suos,
1014 874 1091 916 quid
1117 886 1158 905 ex
1183 874 1242 905 hoc
1267 874 1374 904 facere
1399 873 1534 904 deberet
1557 878 1589 904 et
1606 873 1700 915 quale
1718 873 1887 904 consilium
1911 885 1952 904 ex
1976 873 2036 905 hoc.

387 928 416 958 ei
442 928 556 959 darent
581 934 611 959 et
637 928 714 970 quid
739 928 778 958 de
804 934 868 958 tam
894 927 1100 958 inobediente
1126 939 1182 958 suo
1208 932 1382 969 praecepto
1400 927 1543 957 facturus
1561 931 1655 957 esset.
1695 926 1787 957 Tune
1804 926 2036 968 respondentes

387 981 540 1012 dixerunt
563 982 730 1023 utriusque
755 981 876 1011 ordinis
901 992 1028 1011 omnes:
1055 980 1225 1019 ‘Vidimus
1252 980 1338 1022 quod
1362 981 1422 1010 iste
1447 980 1619 1022 episcopus
1639 984 1747 1010 vester
1762 979 1915 1010 Aldrieus
1941 979 2036 1011 habet
2058 991 2082 1009 15

387 1046 460 1065 suas
492 1035 699 1065 auctoritates
729 1040 760 1064 et
791 1039 966 1075 praccepta
998 1033 1120 1075 regalia
1151 1039 1216 1064 tam
1241 1034 1396 1075 genitoris
1420 1033 1520 1064 vestri
1546 1044 1641 1074 quam
1667 1038 1698 1063 et
1722 1033 1867 1071 aliorum,
1892 1039 2035 1064 anteces-

386 1099 493 1118 sorum
518 1093 698 1118 vestrorum
723 1087 877 1117 videlicet
901 1098 1014 1128 regum
1040 1087 1250 1125 Francorum,
1279 1087 1312 1117 in
1337 1085 1464 1128 quibus,
1489 1091 1524 1116 ut
1549 1097 1658 1116 coram
1681 1085 1774 1116 nobis
1799 1086 1953 1117 relectum
1979 1092 2035 1122 est,

386 1141 568 1171 continetur
592 1141 747 1171 insertum
774 1145 804 1170 et
821 1145 1005 1170 sanctorum
1023 1139 1227 1170 sacerdotum
1245 1151 1282 1170 ac
1307 1151 1420 1181 regum
1445 1139 1594 1170 manibus
1618 1140 1758 1181 propriis
1783 1139 2035 1177 corroboratum,

386 1193 472 1235 quod
497 1194 726 1224 monasterium
750 1193 894 1232 Anisole,
920 1192 1005 1223 unde
1030 1193 1136 1234 agitur
1152 1192 1212 1223 hec
1230 1193 1360 1232 iustitia,
1387 1192 1648 1223 Cenomannicae
1666 1193 1760 1223 matri
1777 1192 1957 1223 aecclesiae
1974 1198 2035 1224 tra-

386 1247 486 1277 ditum
523 1247 583 1277 fuit
618 1252 649 1277 et
685 1246 725 1277 ab
758 1246 918 1288 episcopis
951 1245 1095 1276 eiusdem
1127 1246 1237 1276 matris
1262 1246 1442 1277 aecclesiae
1468 1251 1687 1277 constructum
1712 1251 1743 1276 et
1768 1251 1914 1276 ornatum
1939 1252 2035 1288 atque
2055 1257 2080 1275 20

385 1299 511 1341 legibus
536 1311 730 1341 possessum.
778 1299 888 1329 Habet
913 1299 1009 1330 etiam
1035 1299 1198 1341 praefixus
1224 1300 1406 1341 episcopus,
1438 1310 1517 1341 quos
1543 1299 1690 1329 videmus
1723 1304 1754 1329 et
1778 1299 1936 1338 audimusy
1961 1310 2035 1330 suos

385 1358 481 1383 testes
506 1364 600 1384 veros
626 1358 657 1383 et
680 1352 792 1391 bonos,
819 1353 873 1394 qui
898 1352 955 1383 has
980 1353 1186 1383 auctoritates
1211 1352 1319 1383 firmas
1344 1358 1375 1383 et
1391 1364 1486 1383 veras
1504 1364 1574 1383 esse
1591 1357 1749 1383 testantur
1774 1357 1805 1383 et
1828 1352 2034 1383 iureiurando

385 1418 446 1448 que
473 1406 584 1437 dicunt
609 1406 779 1437 affirmant.
819 1406 957 1447 Insuper
980 1410 1147 1444 testantur,
1174 1405 1260 1447 quod
1284 1406 1368 1436 infra
1392 1406 1569 1447 legitimum
1594 1411 1720 1447 tempus
1744 1405 1911 1447 praedicta
1935 1411 2036 1437 mater

386 1459 646 1490 Cenomannicac
672 1460 812 1489 civitatis
838 1458 998 1489 aecelcsia
1026 1459 1215 1489 vestituram
1246 1459 1423 1500 legitimam
1454 1458 1620 1490 habuisset
1652 1459 1690 1489 de
1723 1459 1890 1501 praedicto
1927 1471 2034 1490 mona-

386 1513 492 1549 sterio,
519 1519 550 1543 et
566 1512 671 1544 adhuc
690 1512 791 1542 XXX
809 1513 884 1542 anni
910 1523 973 1542 non
998 1518 1071 1543 sunt
1088 1513 1252 1547 transacti,
1278 1512 1365 1554 quod
1391 1524 1431 1542 ex
1449 1523 1486 1543 eo
1511 1512 1689 1553 legitimam
1705 1513 1894 1543 vestituram
1912 1512 2034 1551 habuit,
2056 1523 2080 1541 25

386 1572 415 1596 ct
447 1572 618 1607 propterea
650 1565 724 1596 inde
756 1565 816 1596 fuit
847 1564 941 1595 modo
968 1565 1151 1601 alienatum,
1185 1565 1269 1607 quod
1295 1566 1421 1596 Franco
1448 1566 1619 1607 episcopus
1644 1565 1831 1607 praedictae
1857 1566 2034 1597 aecclesiae

386 1630 441 1649 suo
467 1620 649 1661 propinquo
666 1618 857 1660 Adalghyso
875 1618 953 1648 illud
971 1619 1202 1660 impetraverit,
1227 1624 1261 1649 ut
1278 1630 1335 1660 pro
1353 1618 1407 1649 illo
1424 1619 1547 1660 regalia
1564 1619 1703 1649 servicia
1723 1624 1754 1649 et
1770 1619 1887 1649 itinera
1903 1619 2034 1652 faceret.

385 1684 467 1714 quae
485 1672 538 1702 ille
556 1684 613 1713 pro
639 1684 697 1703 sua
720 1672 905 1702 infirmitate
931 1678 962 1702 et
987 1677 1151 1702 senectute
1176 1672 1284 1702 facere
1310 1684 1373 1702 non
1390 1671 1521 1703 valebat
1532 1674 1552 1702 3.
1592 1671 1765 1702 Affirmant
1783 1673 1879 1703 etiam
1896 1672 2035 1703 eundem

384 1726 588 1756 Franconcm
614 1725 738 1767 aliquas
764 1725 891 1755 villulas
917 1730 947 1755 ct
973 1725 1129 1767 quosdam
1154 1725 1311 1756 vassallos
1337 1731 1538 1767 casatosque,
1564 1730 1598 1756 ut
1622 1726 1798 1763 nominant,
1824 1737 1865 1756 ex
1890 1726 2034 1767 praefixo

384 1779 579 1809 monasterio
614 1778 655 1809 ad
692 1790 783 1809 suum
820 1790 910 1820 opus,
942 1778 1017 1809 ‹lum
1050 1778 1185 1817 advixit,
1218 1779 1366 1809 rctinerc.
1416 1778 1481 1809 Sed
1513 1778 1575 1809 illis
1603 1778 1761 1809 ambobus
1786 1779 1947 1810 defunctis
1971 1791 2034 1810 non
2056 1791 2080 1809 ³0

385 1832 444 1863 fuit
469 1832 509 1862 ad
534 1843 688 1873 praesens
707 1832 878 1873 episcopus
897 1831 1040 1862 eiusdem
1059 1832 1153 1865 sedis,
1180 1832 1233 1873 qui
1251 1831 1403 1862 domnum
1428 1832 1655 1873 imperatorem
1672 1831 1891 1863 Hludovicum
1917 1844 1958 1863 ex
1975 1833 2034 1863 hoc

384 1884 605 1927 interpellaret
629 1885 670 1915 ad
695 1891 838 1926 tempus,
865 1890 895 1915 ct
921 1886 965 1915 sic
993 1885 1102 1915 (latum
1128 1891 1176 1915 est
1199 1885 1261 1915 alio
1287 1891 1318 1915 et
1342 1884 1397 1915 tali
1423 1886 1594 1916 occasione
1620 1884 1781 1916 sublatum
1806 1892 1854 1916 est
1879 1885 1918 1917 de
1943 1897 2034 1928 prae-

384 1939 449 1969 fixa
481 1938 567 1969 sede.
617 1938 681 1969 Sed
714 1944 745 1969 et
777 1938 846 1971 hoc,
880 1938 965 1980 quod
995 1939 1045 1968 isti
1071 1938 1220 1969 monachi
1245 1938 1365 1972 dicunt,
1400 1938 1484 1980 quod
1510 1944 1652 1969 vestrum
1678 1939 1843 1980 proprium
1868 1939 1918 1978 sit,
1943 1950 2034 1981 prae-

384 1992 460 2022 dicti
493 1997 590 2022 testes
621 1991 747 2022 Aldrici
780 1992 924 2033 episcopi
956 2003 1014 2033 per
1045 2003 1155 2022 corum
1189 1992 1396 2022 auctoritates
1428 1997 1459 2022 et
1487 2003 1545 2033 per
1568 1997 1692 2022 vestros
1717 1992 1874 2023 vassallos
1899 1998 1930 2023 et
1954 1992 2033 2023 alios

384 2045 544 2075 veridicos
572 2050 602 2075 et
626 2044 728 2075 bonos
760 2045 904 2075 homines
930 2044 1093 2075 affirmant
1124 2056 1186 2075 non
1212 2056 1293 2075 esse.
1342 2045 1465 2075 Dicunt
1489 2046 1596 2084 etiam,
1622 2045 1718 2087 quod,
1744 2046 1770 2075 si
1795 2051 1938 2076 vestrum
1962 2058 2033 2088 pro·
2054 2057 2078 2076 35

384 2099 487 2139 prium
513 2104 607 2137 osset,
632 2109 682 2128 res
708 2098 808 2139 ipsius
833 2098 1020 2128 monasterii
1046 2098 1223 2128 secundum
1254 2098 1358 2139 legem
1391 2098 1531 2129 Salio-am
1563 2103 1617 2129 aut
1645 2098 1834 2129 Ribuariam
1858 2104 2033 2133 tuerentur,

385 2152 467 2182 sicut
498 2151 561 2181 alia
591 2151 662 2181 loca
694 2156 725 2181 et
760 2162 821 2183 res.
854 2162 936 2192 quae
969 2151 1008 2181 de
1033 2157 1140 2181 vestro
1173 2157 1246 2181 sunt
1277 2152 1418 2193 proprio,
1450 2152 1582 2189 faciunt,
1609 2157 1640 2182 ct
1664 2153 1826 2193 mancipia
1849 2164 1914 2183 non
1938 2153 2034 2194 parti-

385 2210 504 2243 rentur,
530 2205 612 2235 sicut
637 2204 676 2234 de
702 2203 773 2234 aliis
799 2203 877 2234 locis
903 2210 933 2234 et
958 2203 1065 2239 rebus,
1098 2216 1180 2245 quac
1213 2204 1252 2234 (le
1284 2210 1391 2235 vestro
1424 2210 1496 2235 sunt
1528 2205 1667 2246 proprio,
1697 2206 1728 2235 in
1754 2205 1807 2235 illa
1831 2206 1961 2247 regione
1987 2212 2035 2236 est

385 2257 583 2288 consuetudo
620 2258 738 2288 facere.
787 2257 853 2288 Sed
889 2257 928 2287 dc
961 2258 1029 2288 istis
1062 2258 1167 2288 causis
1199 2258 1232 2288 in
1263 2257 1359 2288 rebus
1391 2259 1493 2289 sancti
1518 2258 1698 2300 Karilephi,
1730 2259 1812 2289 sicut
1840 2259 1872 2289 in
1896 2260 2034 2301 propriis

385 2310 493 2340 domni
530 2311 732 2352 imperatoris
769 2309 943 2341 observare
976 2310 1062 2352 apud
1094 2322 1147 2341 eos
1180 2316 1227 2341 est
1259 2311 1468 2345 consuetudo,
1501 2311 1599 2342 nichil
1632 2322 1784 2353 umquam
1809 2318 2034 2343 conservatum
2055 2323 2080 2341 ιο

385 2364 453 2397 fuit,
480 2369 511 2394 et
536 2375 592 2405 pro
617 2364 685 2394 istis
711 2364 816 2394 causis
842 2364 1003 2394 affirmant
1031 2369 1061 2394 et
1094 2363 1272 2394 defendunt
1304 2365 1366 2394 iam
1399 2364 1476 2395 dicti
1508 2370 1604 2395 testes
1630 2364 1850 2406 saepedictum
1875 2371 2034 2397 monaste-

385 2417 466 2446 rium
491 2429 554 2446 non
580 2422 723 2447 vestrum
747 2417 913 2458 proprium
939 2423 993 2447 aut
1018 2416 1154 2447 alicuius
1179 2428 1259 2455 esse,
1286 2417 1342 2447 sed
1368 2417 1407 2448 de
1439 2418 1507 2448 iure
1533 2417 1772 2448 Cenomannice
1798 2419 1906 2449 matris
1932 2419 2034 2450 ecele-

386 2470 462 2503 siae,
489 2470 528 2500 de
554 2471 644 2501 cuius
668 2469 765 2500 robus
791 2475 838 2500 est
862 2470 1041 2503 fundatum,
1075 2470 1152 2500 illud
1178 2481 1247 2500 esse
1273 2470 1444 2510 affirmant,
1477 2471 1563 2512 quod
1589 2476 1620 2501 et
1644 2470 1877 2502 rationabiliter
1902 2477 1933 2502 et
1957 2472 2033 2514 legi-

385 2521 455 2556 bus,
488 2529 521 2553 ut
556 2522 648 2553 nobis
680 2523 817 2561 videtury
850 2523 956 2553 facere
988 2529 1130 2564 possunt.
1180 2523 1354 2554 Testantur
1378 2524 1475 2555 etiam
1500 2525 1788 2566 supramemorati
1813 2530 1921 2564 testes,
1948 2525 2034 2567 quod

493 2623 507 2644 4
529 2620 594 2652 suis]
616 2624 714 2646 nostris
735 2631 754 2646 ε.
829 2624 861 2646 23
882 2622 1002 2653 legitimo
1023 2626 1142 2655 tempore
1163 2632 1182 2647 c.
1257 2625 1289 2648 29
1310 2621 1346 2654 ut]
1368 2627 1393 2647 et
1412 2633 1431 2647 c.
1513 2625 1546 2648 34
1566 2623 1685 2648 vasallos
1705 2633 1725 2648 c.
1799 2626 1832 2648 35
1852 2625 1924 2656 quod
1943 2625 2002 2651 addt
2023 2634 2034 2647 ε’
2053 2631 2079 2650 45

385 2666 446 2689 coni.
522 2668 553 2689 »Η
575 2664 663 2697 nobis]
684 2668 760 2691 vobis
781 2677 800 2691 ν.

498 2756 524 2785 1)
551 2756 595 2782 ΙΝ
619 2757 668 2782 lmc
693 2757 772 2783 verbo
792 2757 903 2793 saepias
923 2758 1021 2785 usitata
1041 2758 1081 2792 cf.
1104 2758 1212 2785 *Simson
1233 2758 1420 2795 ‘Enlstelzuny
1441 2759 1492 2785 der
1505 2758 1796 2795 pseudoisidorischen
1818 2759 2032 2797 FctYschunyen'

384 2819 412 2845 p.
431 2811 468 2836 (55
482 2819 542 2844 sqq.
621 2809 649 2834 2¹
678 2809 745 2836 Dies
771 2810 899 2837 Paschae
923 2815 985 2838 erat
1008 2812 1070 2839 338
1095 2811 1152 2838 (lies
1169 2812 1214 2839 14.
1233 2811 1333 2839 mensis
1349 2811 1464 2848 Aprilis.
1544 2811 1574 2839 3)
1602 2810 1648 2846 Cf.
1673 2811 1755 2846 iufra
1775 2822 1806 2848 p.
1823 2813 1883 2841 846
1907 2813 1924 2839 l.
1944 2816 1961 2841 ,(1
1973 2823 2032 2849 sqq.
