2215 3052
375 123 438 152 484
845 122 894 149 44.
933 122 1149 150 CONCILIUM
1174 122 1399 149 PARISIENSE
1425 123 1460 148 A.
1483 122 1554 148 825.

376 218 637 260 praesumptione
663 227 726 246 non
752 221 825 246 sunt
849 215 1103 256 confringendae
1128 220 1160 246 et
1184 215 1226 246 ad
1250 215 1400 246 iniuriam
1425 220 1611 246 sanctorum
1636 215 1814 246 abolendae
1840 220 1871 246 et
1895 216 2023 258 penitus

376 270 598 313 dispiciendae
630 280 689 299 nec
723 269 900 299 assertione
933 269 1157 310 superstitiosa
1189 268 1343 299 colendae
1376 274 1431 299 aut
1462 268 1664 308 adorandae,¹
1692 268 1749 299 sed
1780 269 1885 311 potius
1915 269 2023 300 huius-

376 324 502 357 cemodi
535 322 760 364 superstitione
791 327 913 352 remota
946 322 1037 352 iuxta
1068 333 1178 352 veram
1211 321 1401 362 religionem
1433 321 1605 351 memoriae
1638 326 1669 351 et
1693 322 1810 352 amoris
1841 333 1950 362 eausa,
1983 322 2023 353 ob

376 376 632 407 reem-dationem
665 386 786 414 eorum,
818 385 954 416 quorum
986 380 1059 405 sunt
1089 375 1257 416 imagines,
1290 373 1470 413 habendae,
1503 374 1586 404 sicut
1610 385 1629 404 a
1653 373 1839 405 beatissimo
1866 374 2024 417 Gregorio

377 430 453 460 satis
479 428 635 459 catholice
661 428 897 469 perspicueque
923 427 1045 458 dietum
1070 428 1286 458 deela1·atur¹.
2044 443 2056 461 5

484 482 568 520 Quia
598 481 697 522 igitur
727 492 785 511 nos
817 481 876 514 his,
914 481 969 522 qui
1000 482 1032 511 in
1064 492 1156 511 sacra
1188 480 1264 511 sede
1297 479 1383 510 beati
1415 480 1504 510 Petri
1536 479 1672 521 apostoli
1703 479 1856 519 resident,
1893 480 2025 522 dignam

377 535 507 565 honoris
540 535 756 565 reverentiam
788 535 856 564 iure
881 533 1086 564 tribuendam
1118 545 1181 564 non
1214 533 1398 564 dubitamus
1424 538 1455 563 et
1478 533 1605 563 illorum
1630 544 1708 574 erga
1731 534 1889 575 imagines
1915 545 2024 575 super-

377 589 533 618 stitiosam
551 588 794 618 venerationem
820 587 951 629 quidam
977 587 1058 626 visu,
1085 598 1195 617 omnes
1219 598 1296 617 vero
1322 586 1457 617 aliorum
1481 585 1585 617 relatu
1606 587 1840 627 cognoscimus,
1865 586 2025 617 voluimus

375 642 514 682 primum
548 646 660 671 contra
684 640 955 686 illos-sententias
986 651 1117 681 ponere,
1150 639 1237 682 quod
1267 640 1426 681 imagines
1457 640 1716 681 praesumptiosa
1745 640 1926 670 temeritate
1951 651 2025 671 con-

376 694 517 735 fringere
542 699 839 735 praesumpserunt,
869 694 1021 735 quatinus
1046 693 1121 723 inde
1146 693 1199 723 isti
1223 693 1356 723 animati
1381 692 1517 723 aliorum
1543 698 1648 723 errata
1672 692 1832 724 valentius
1856 692 2026 724 vobiscum
2046 709 2072 727 1ο

375 749 573 789 corrigerent
605 753 635 778 et
667 747 708 777 ad
740 758 830 777 suam
863 747 1123 788 superstitionem
1155 745 1414 787 cognoscendam
1438 746 1585 777 veritatis
1609 746 1794 776 testimonia
1818 746 2026 788 suscipienda

375 801 517 831 animum
542 800 668 831 facilius
693 800 870 831 flecterent.
920 799 1009 831 Sient
1034 800 1132 841 igitur
1155 799 1248 830 nobis
1273 799 1403 830 videtur
1427 804 1458 830 et
1482 799 1629 840 superius
1654 799 1890 840 praemisimus,
1915 804 2025 841 aperte

375 865 480 885 sermo
505 860 632 884 vestrae
666 854 873 884 correctionis
899 858 1011 884 contra
1042 853 1112 883 illos
1137 864 1369 894 usquequattlue
1395 852 1491 893 dirigi
1522 857 1638 893 potest,
1671 863 1690 882 a
1714 852 1829 893 quibus
1854 852 1947 883 vobis
1973 852 2027 883 illa

375 907 520 949 epistola.
558 918 655 948 quain
688 907 870 948 relegimus,
908 906 1033 937 directa
1065 918 1135 937 esse
1167 906 1383 947 cognoscitur,
1421 906 1572 947 quoniam
1609 906 1677 936 eius
1713 910 1820 936 textus
1856 911 2026 947 utramque

375 966 500 1002 partem
526 960 777 1002 reprehensimie
803 960 934 1001 dignam
959 959 1202 995 demonstravit,
1236 965 1267 990 ct
1290 959 1376 989 illam
1403 958 1536 997 scilicet,
1569 970 1651 1000 quae
1682 958 1825 989 indebito
1854 970 1892 989 110.
1917 970 2025 1000 super·
2046 974 2071 992 15

376 1015 499 1044 stitioso
525 1013 612 1044 cultu
636 1014 794 1054 imagines
812 1012 1039 1052 venerabatur,
1065 1018 1095 1043 et
1113 1012 1210 1052 illam,
1236 1023 1320 1054 quae
1339 1011 1378 1042 ab
1397 1011 1602 1042 inferioribus
1621 1011 1699 1042 locis
1717 1011 1848 1042 easdem
1868 1012 2026 1053 imagines

377 1074 523 1098 evertere
554 1078 591 1097 110
624 1066 732 1097 delere
764 1067 941 1108 praecepit.
996 1066 1037 1097 Et
1067 1066 1140 1096 ideo
1173 1065 1344 1098 credimus,
1382 1076 1577 1107 quamquam
1610 1070 1718 1096 cetera
1749 1065 1813 1095 alia
1849 1065 2026 1096 seeundum

375 1121 599 1151 auctoritatem
624 1120 780 1151 veritatis.
806 1120 888 1150 sicut
912 1120 945 1150 in
970 1120 1036 1150 suis
1061 1119 1189 1160 seriptis
1215 1119 1406 1157 continetur,
1439 1110 1524 1149 idem
1548 1119 1724 1160 imperator
1747 1118 1870 1155 fecerit,
1896 1124 2028 1160 propter

376 1174 437 1204 hoe
466 1179 574 1204 tamen
605 1174 726 1204 factum
759 1173 916 1215 quosdam
948 1172 1075 1203 illarum
1107 1173 1246 1214 partium
1278 1172 1422 1202 infirmos
1454 1171 1692 1202 scandalizasse
1717 1182 1844 1202 necnon
1870 1171 2026 1213 quosdam

375 1232 503 1258 nostrae
529 1227 617 1258 urbis
642 1227 808 1257 Romanae
833 1226 1051 1268 perturbasse.
2047 1239 2073 1257 ρο

483 1280 534 1311 Ad
561 1280 791 1311 exaltationem
817 1286 847 1310 et
872 1291 986 1321 pacem
1011 1286 1142 1310 sanctae
1168 1290 1244 1310 suae
1271 1279 1428 1309 ecelesiae
1457 1278 1666 1309 humillimam
1692 1278 1830 1320 Deoque
1855 1277 2027 1308 amabilem

377 1346 414 1365 ac
440 1334 645 1365 Christianae
678 1333 825 1374 religioni
857 1333 1076 1364 neeessariam
1109 1332 1360 1363 dominationem
1393 1332 1574 1362 serenitatis
1606 1337 1733 1362 vestrae
1764 1331 1911 1362 dominus
1936 1331 2027 1361 Iesus

377 1387 523 1418 Christus
541 1387 733 1417 incolumem
759 1386 893 1417 dextera
919 1397 996 1416 suae
1021 1387 1150 1428 pietatis
1176 1386 1257 1416 tueri
1283 1397 1320 1416 ae
1345 1385 1431 1416 felici
1456 1385 1655 1427 protectione
1681 1396 1739 1426 per
1755 1385 1936 1415 imnensum
1954 1395 2027 1415 con-

377 1452 506 1472 servare
533 1446 563 1471 et
587 1446 658 1482 post
683 1440 777 1471 huius
803 1441 888 1470 vitae
914 1451 1043 1470 cursum
1069 1439 1216 1481 supernis
1242 1438 1368 1469 civibus
1393 1444 1573 1469 consortem
1600 1437 1750 1479 dignetur
1774 1437 1916 1468 efficere.

484 1512 590 1553 Caput
615 1512 639 1542 Ι.
682 1512 867 1552 (Jongruum
900 1511 1185 1552 necessariumque
1218 1510 1434 1540 iudicavimus
1466 1510 1604 1551 primum
1636 1509 1811 1539 sententias
1843 1514 2027 1539 sanctorum
2048 1522 2073 1541 25

376 1571 504 1607 patrum
530 1564 682 1606 colligere
708 1570 818 1595 eontra
845 1576 909 1603 eos,
942 1564 997 1605 qui
1028 1564 1185 1604 imagines
1210 1575 1274 1594 non
1300 1563 1401 1594 solum
1427 1563 1467 1594 ab
1499 1562 1646 1595 aedibus.
1680 1562 1736 1593 sed
1762 1562 1858 1592 etiam
1884 1574 1902 1593 a
1927 1563 2027 1592 saeris

377 1619 464 1649 vasis
491 1618 664 1649 indiscrete
690 1617 819 1648 abolere
845 1623 1065 1659 praesumunt.

484 1672 535 1702 Ex
567 1671 648 1702 libro
674 1671 807 1701 Eusebii
839 1671 1080 1701 ecclesiasticae
1107 1670 1257 1701 historiae
1276 1670 1349 1700 ΥΠ.
1383 1681 1453 1711 cap.
1472 1670 1563 1700 XV.:
1599 1672 1725 1700 Verum2
1756 1675 1820 1708 quia
1848 1675 1923 1700 urbis
1946 1675 2028 1701 huius

377 1731 494 1757 fecimus
519 1730 700 1759 mentionem,
727 1730 829 1754 iustum
854 1730 965 1755 videtur
989 1738 1204 1755 connm·1norare
1231 1729 1314 1754 etiam
1339 1728 1407 1754 illud
1433 1729 1460 1753 in
1486 1737 1519 1754 011
1543 1732 1664 1761 gestum,
1691 1728 1764 1762 1111011
1782 1728 1897 1754 historia
1914 1729 2028 1763 (lignum

378 1784 515 1809 duximus.
562 1783 721 1815 Mulierem,
754 1792 835 1817 quam
866 1782 1009 1815 sanguinis
1041 1782 1176 1816 profluvio
1201 1782 1374 1807 laborantem
1401 1791 1416 1807 a
1440 1781 1579 1807 salvatore
1613 1786 1736 1807 curatam
1768 1781 1916 1816 evangelia
1939 1782 2027 1808 tradi-
2047 1789 2074 1809 30

221 1837 355 1887 *ῐὲἣόῖὲῗξῖῑί
377 1838 490 1868 derunt7
523 1837 603 1862 huius
635 1837 710 1862 urhis
743 1837 831 1862 civem
863 1840 973 1862 constat
1006 1835 1102 1861 fuisse.
1136 1836 1289 1869 11011111511110
1323 1836 1381 1860 eius
1414 1835 1439 1860 in
1470 1844 1502 1860 011
1536 1835 1619 1860 etiam
1651 1844 1723 1860 nunc
1757 1835 1926 1861 ostenditur.
1974 1835 2028 1861 Pro

376 1891 482 1916 foribus
507 1899 573 1916 vero
599 1891 695 1915 (lomus
721 1890 806 1923 ipsius
831 1889 904 1914 basis
930 1889 1068 1923 quaedam
1094 1889 1119 1913 in
1145 1888 1205 1914 loco
1230 1889 1366 1914 :it-ditiore
1393 1889 1537 1914 conlocata
1561 1892 1742 1914 monstratur.
1775 1889 1802 1914 111
1828 1897 1883 1922 qua
1905 1889 2028 1914 mulieris

378 1944 464 1978 ipsius
496 1944 573 1969 velut
605 1944 724 1978 genibus
756 1943 920 1977 provolutae
950 1942 1114 1976 palmasque
1147 1942 1314 1976 suppliciter
1346 1942 1490 1967 tendentis
1522 1942 1611 1975 imago
1643 1951 1707 1967 aere
1741 1942 1852 1967 ridetur
1884 1951 2026 1976 expressa.

376 1997 461 2023 Astat
487 2006 551 2023 vero
576 1997 630 2022 alia
662 2007 695 2021 cx
728 2006 792 2022 aere
825 1996 1001 2021 nihilominus
1025 1996 1086 2021 fusa
1112 1999 1205 2021 statua
1230 1996 1327 2020 habitu
1353 1995 1433 2020 virili.
1466 1995 1535 2021 stola
1568 1999 1678 2028 compte
1708 1995 1880 2020 circumdata
1905 1999 1933 2020 et
1958 1995 2026 2021 (lex-

378 2055 467 2076 teram
491 2050 599 2076 mulieri
631 2050 793 2084 porrigens:
826 2049 906 2074 huius
938 2050 972 2075 ad
1002 2049 1104 2083 pedem
1137 2053 1247 2074 statua«-
1275 2059 1288 2072 c
1315 2049 1372 2074 basi
1399 2049 1486 2074 herba
1510 2049 1649 2082 quaedam
1677 2057 1749 2074 nova
1773 2048 1867 2082 specie
1893 2049 2026 2081 nascitur,
2045 2055 2072 2074 35

380 2113 464 2138 quae,
489 2113 550 2129 eum
574 2107 670 2129 exorta
694 2103 790 2131 fuerit,
817 2112 979 2129 excrescere
1005 2111 1094 2136 usque
1115 2103 1149 2127 ad
1175 2102 1263 2127 stolae
1289 2102 1362 2127 illius
1388 2102 1462 2127 acrei
1488 2102 1643 2127 indumenti
1665 2101 1799 2127 fimbriam
1817 2101 1899 2127 solet.
1937 2100 2027 2132 Quam

379 2167 440 2182 cum
472 2166 575 2182 summo
608 2157 714 2182 vertice
748 2165 878 2182 crescens
911 2156 996 2182 herba
1029 2155 1188 2189 contigerit.
1222 2156 1294 2180 vires
1326 2156 1390 2181 inde
1422 2155 1457 2180 ad
1489 2154 1676 2188 depellendos
1707 2163 1802 2180 omnes
1832 2155 1941 2181 morbos
1965 2157 2025 2180 lan-

377 2220 536 2244 guoresque
562 2210 711 2244 conquirit,
745 2210 782 2235 ita
809 2214 837 2235 111
871 2218 1066 2243 quaecumque
1098 2209 1144 2234 illa
1177 2209 1260 2234 t'ucrit
1293 2208 1437 2234 infirmitas
1466 2208 1587 2242 corporis
1618 2208 1720 2234 haustu
1745 2208 1845 2242 exiguo
1874 2208 2026 2234 madefacti

378 2264 507 2289 salutaris
538 2264 668 2298 graminis
701 2263 870 2297 depellatur,
902 2263 969 2288 nihil
1001 2263 1111 2288 omniuo
1137 2262 1232 2287 virium
1257 2271 1370 2296 gerens.
1404 2262 1436 2287 si.
1462 2265 1613 2295 antequam
1638 2269 1739 2287 aereae
1764 2260 1889 2287 fimbriae
1915 2261 2025 2286 summi-

378 2320 466 2342 tatem
498 2317 650 2342 crcscemlo
683 2317 843 2350 contigerit,
875 2317 1056 2350 decerpatur.
1104 2315 1184 2341 Hanc
1216 2319 1337 2341 statuam
1369 2316 1404 2341 ad
1436 2315 1645 2340 similitudinem
1673 2314 1767 2339 vultus
1791 2313 1856 2340 Iesu
1880 2314 2025 2340 formatam
2045 2321 2072 2339 40

378 2371 539 2397 tradebant.
567 2379 638 2403 1111110
665 2370 817 2404 permansit
843 2371 878 2395 ad
903 2373 998 2395 nostra
1022 2378 1110 2403 usque
1136 2374 1274 2403 tempora,
1300 2369 1381 2394 sicuti
1398 2368 1450 2402 ipsi
1472 2367 1557 2394 oeulis
1573 2368 1675 2393 nostris
1692 2368 1877 2401 inspeximus3
1905 2372 1933 2393 et
1957 2367 2027 2393 nihil

378 2424 475 2449 mirum
507 2424 528 2448 si
560 2423 595 2448 hi.
630 2424 674 2456 11111
709 2433 742 2449 ex
772 2423 905 2457 gentibus
929 2422 1122 2454 crediderunt,
1153 2431 1202 2456 pro
1231 2422 1387 2451 beneficiis,
1420 2430 1491 2456 quae
1517 2430 1533 2447 a
1556 2420 1694 2447 salvatore
1727 2420 1839 2446 fuerant
1870 2421 2024 2453 consecuti,

488 2539 516 2560 14
544 2540 617 2560 textu
638 2536 666 2559 Γ.
760 2537 791 2560 24
813 2533 932 2565 et'ticercl
961 2536 985 2558 in
1007 2535 1031 2558 Ρ
1047 2535 1158 2566 sequitur
1178 2535 1349 2566 *rb-assilientem
1370 2534 1441 2558 learici
1464 2534 1603 2563 Tironiani,
1631 2538 1709 2557 tereus
1728 2534 1785 2557 libri
1803 2534 1930 2565 synodalis·
1947 2533 2027 2565 per-gli!

375 2581 402 2605 in
416 2582 466 2613 fol.
482 2583 523 2604 17.

500 2651 504 2655 .
534 2634 566 2657 28
588 2631 635 2663 Ex]
659 2634 767 2657 Eusehii
789 2634 813 2657 in
834 2642 911 2664 mal-gs.
933 2633 962 2657 P.
1038 2634 1070 2657 33
1090 2630 1260 2664 suppliciter]
1281 2632 1441 2663 simpliciter
1462 2631 1490 2655 P.
1565 2632 1597 2655 34
1618 2640 1649 2655 ex
1668 2631 1734 2655 deest
1753 2631 1782 2655 P.
2044 2635 2072 2653 45

488 2742 514 2769 11
546 2742 575 2768 V.
602 2741 685 2775 iufra
707 2752 736 2777 p.
755 2742 867 2777 487³sp
985 2741 1014 2771 2)
1048 2741 1162 2768 Eusebii
1192 2740 1307 2768 lais-toria
1340 2739 1524 2767 eeclesiastica
1555 2739 1660 2777 Rufino
1691 2739 1842 2775 interprete
1865 2738 1923 2766 VII
1942 2748 1964 2765 c.
1990 2739 2026 2767 14

378 2796 419 2823 ed.
445 2795 578 2822 Basilum»
602 2795 688 2825 15:33,
710 2796 825 2830 J›.1(;5.
