2215 3052
181 1463 288 1482 ef.1.10h.
297 1464 339 1487 4¹7·

362 126 425 155 810
780 128 830 154 61.
868 128 1083 155 CONCILIUM
1107 128 1426 155 INGELHEIMENSE
1450 129 1487 155 A.
1509 128 1582 155 840.

355 226 457 259 frater
481 229 541 252 tuus
566 224 645 251 habet
668 225 778 261 aliquid
799 225 946 252 adversum
971 229 1004 258 te,
1030 225 1155 262 relinque
1181 223 1227 253 ίῖὶί
1248 235 1346 253 munus
1370 230 1443 252 tuum
1468 226 1499 252 et
1517 226 1634 252 cetera.
1670 226 1823 260 Postquam
1839 234 1906 251 vero
1922 226 2000 252 Deus

363 278 498 304 ecclesiae
530 287 597 304 suae
629 279 821 312 tranquilliora
852 283 980 312 tempora
1009 279 1144 311 reddidit,
1175 279 1282 313 placuit
1309 279 1481 313 principibus
1506 283 1535 306 et
1562 279 1700 314 magistris
1732 279 1939 311 ecclesiasticis,
1970 282 2002 304 ut

361 332 454 361 isdem,
472 335 568 365 pastor
592 332 626 357 ad
651 332 777 357 debitum
809 332 880 358 ovile
905 336 1099 358 reverteretur
1123 336 1151 358 et
1179 341 1257 364 oveS,
1290 341 1358 366 quas
1388 333 1545 366 compulsus
1568 332 1734 366 reliquerat,
1758 332 1877 358 tuendas
1901 332 2002 357 iterum

361 384 511 418 reciperet.
566 383 673 414 Quibus
709 386 740 410 et
776 385 975 410 ecclesiasticis
1011 385 1114 411 debitis
1150 385 1273 419 negociis
1305 394 1357 420 ego
1388 385 1580 412 Theodericus
1612 384 1821 412 Camaracensis
1853 385 2000 419 episcopus

360 446 500 463 assensum
531 437 662 463 canonice
694 437 845 471 praebens⁷
878 438 949 463 sicut
980 438 1055 472 prius
1087 439 1122 465 de
1153 438 1225 464 illius
1256 438 1381 464 discessu
1405 439 1601 472 compatiendo
1626 438 1710 470 dolui,
1741 438 1782 464 ita
1805 441 1835 464 et
1858 438 1938 464 modo
1964 438 1998 464 de

360 490 444 523 ipsius
468 490 626 516 reversione
660 491 839 524 congaudens
870 491 1084 517 constitutiones
1115 491 1164 517 has
1192 491 1330 518 seniorum
1354 491 1399 518 vel
1423 491 1537 518 fratrum
1561 491 1716 517 roborando
1743 491 1903 525 subscripsi,
1935 490 2001 525 quia

360 543 427 569 talia
451 552 518 577 sepe
545 544 693 577 contigisse
720 547 749 569 et
773 544 800 569 in
824 543 884 569 aliis
909 544 996 578 gestis
1022 544 1219 571 ecclesiasticis
1243 540 1331 579 legi*.

465 600 526 630 His
551 601 594 630 ita
619 601 768 641 peractis,
794 601 909 631 iterum
927 600 1135 632 reboantibus
1152 602 1252 643 signis
1270 606 1301 632 et
1317 601 1517 632 vociferante
1535 601 1621 631 omni
1639 600 1793 631 ecclesia:
1820 600 1877 631 ‘Te
1894 600 2001 631 Deum

359 653 547 691 laudaiinis',
580 653 694 684 ductus
726 660 774 684 est
802 654 864 684 ian]
891 665 987 695 saepe
1012 654 1116 685 dictus
1140 654 1234 685 Ebbo
1261 655 1431 696 episcopus
1455 655 1488 684 in
1512 654 1701 684 vestiarium
1725 658 1757 683 et
1780 653 1911 684 indutus
1936 654 2001 694 epi-

360 705 544 747 scopalibus
569 707 779 745 vestimentis,
805 707 952 737 similiter
975 708 1071 738 etiam
1097 707 1151 738 alii
1175 708 1331 749 episcopi,
1357 712 1389 738 et
1412 711 1640 748 processerunt
1657 717 1729 737 cum
1747 717 1784 737 eo
1801 706 1843 736 ad
1860 706 2001 737 celebra—

359 760 478 790 tionem
503 760 630 790 missae.
678 760 762 790 Nam
786 760 951 791 Rothadus
977 761 1181 802 episcopus1,
1207 761 1321 791 dextra
1346 772 1443 790 manu
1467 771 1540 791 eum
1565 764 1756 799 sustentans,
1789 758 1902 790 habuit
1925 770 2001 790 suae

359 813 458 854 partis
479 813 606 854 Lupum
627 813 874 844 Catalaunensis
899 813 1057 844 ecclesiae
1084 814 1271 855 episcopum
1296 818 1327 843 et
1350 812 1606 844 Hirminfredum
1629 812 1865 854 presbyterum,
1889 818 2002 854 postea

359 877 435 896 vero
460 866 668 897 Belvaccnsis
698 866 855 897 ecclesiae
888 868 1115 908 episcopum&
1148 867 1276 897 sinistra
1307 872 1414 897 autem
1445 877 1543 896 manu
1574 866 1734 896 sustinens
1766 876 1837 901 eum
1871 865 2002 896 Simeon

360 919 529 961 episcopus
541 922 561 955 ³³,
588 919 733 950 similiter
750 931 827 950 suae
844 921 944 961 partis
961 920 1140 962 Erpuinmn
1159 921 1367 961 cpiscopum⁴
1385 924 1416 950 et
1433 920 1564 950 Vitaum
1581 918 1826 950 Camaracensis
1844 918 2001 949 ecclesiae

360 974 614 1014 corepiscopum.
651 973 692 1003 Et
710 974 754 1003 sic
779 973 820 1003 ad
845 979 990 1004 sanctum
1015 974 1113 1004 altare
1140 985 1213 1004 cum
1238 984 1275 1003 eo
1300 973 1511 1014 procedentes
1536 972 1577 1003 ad
1601 973 1764 1014 propriam
1795 971 1905 1002 sedem
1929 983 2002 1002 eum

360 1025 564 1056 deduxerunt
589 1032 683 1067 atque
710 1038 782 1056 cum
807 1037 844 1056 eo
870 1027 977 1056 cuncti
1003 1027 1151 1057 sedentes
1176 1027 1209 1056 in
1234 1027 1320 1057 omni
1345 1025 1521 1068 pontificali
1546 1026 1652 1057 officio
1678 1026 1749 1067 ipsa
1779 1025 1831 1055 die
1863 1025 1892 1055 ei
1917 1036 2001 1055 com-

358 1079 615 1109 municaverunt.
659 1079 805 1110 Fuerunt
829 1084 935 1109 auten]
960 1091 1018 1120 per
1042 1079 1172 1121 longum
1198 1080 1342 1121 spacium
1367 1079 1435 1109 cius
1460 1078 1608 1110 exulatus
1633 1078 1770 1109 ordinati
1796 1078 1939 1120 episcopi
1964 1089 2001 1108 eo

359 1131 491 1162 absente
518 1132 670 1162 Simeon³
694 1133 874 1173 episcopus,
906 1133 1016 1174 Lupus
1029 1135 1040 1152 5¹
1065 1134 1245 1174 episcopus.
1277 1133 1464 1174 Erpuinus4
1488 1133 1670 1174 episcopus,
1700 1132 1786 1174 quod
1810 1131 2001 1162 omnimodis

359 1186 569 1215 sanctissimis
594 1185 781 1226 prohibetur
805 1185 982 1216 canonibus
993 1189 1013 1216 ⁶.
1051 1186 1115 1224 Qui
1133 1186 1293 1228 completa
1310 1198 1381 1217 cum
1400 1186 1486 1216 omni
1503 1185 1621 1227 gaudio
1640 1190 1671 1216 et
1686 1185 1810 1215 laetitia
1835 1195 2001 1215 consecra-

358 1238 444 1268 tione
470 1243 501 1268 et
525 1238 726 1269 solemnitate
758 1239 909 1269 sacrificii
940 1245 1109 1280 praesente
1142 1240 1228 1269 omni
1259 1239 1396 1270 ecclesia
1427 1239 1592 1280 deprecati
1623 1244 1696 1269 sunt
1727 1249 1809 1277 eum,
1843 1243 1877 1269 ut
1900 1238 2000 1279 ipsius

359 1292 547 1322 auctoritate
573 1303 682 1322 eorum
707 1296 900 1322 statueretur
924 1304 961 1322 ac
979 1291 1184 1323 roboraretur
1201 1292 1369 1323 ordinatio.
1410 1292 1474 1330 Qui
1499 1291 1728 1333 benignissime
1754 1302 1864 1322 eorum
1887 1302 2001 1332 preces

359 1343 537 1375 obaudiens
566 1344 655 1375 dedit
679 1345 724 1375 eis
749 1344 878 1386 publice
911 1356 1018 1376 Coram
1051 1352 1256 1376 sacrosancto
1288 1345 1379 1376 altari
1413 1345 1526 1376 anulos
1551 1351 1582 1375 et
1606 1344 1738 1375 baculos
1763 1355 1840 1375 suae
1864 1344 2000 1375 auctori-

359 1398 433 1428 tatis
464 1399 497 1428 in
530 1398 771 1428 confirmatione
804 1409 913 1429 corum
945 1399 1154 1429 ordinationis
1187 1405 1217 1429 et
1248 1399 1405 1429 allocutus
1437 1404 1484 1429 est
1516 1398 1555 1428 de
1581 1399 1626 1428 eis
1651 1398 1737 1428 omni
1768 1397 1934 1435 ecclesiae,
1967 1402 2001 1427 ut

360 1451 478 1482 scirent
502 1452 645 1482 universi
671 1463 704 1481 se
729 1452 762 1481 in
787 1452 931 1489 caritate,
964 1463 1046 1493 quae
1073 1463 1113 1482 ex
1139 1453 1210 1483 Deo
1235 1457 1292 1485 est,
1326 1463 1435 1482 corum
1468 1451 1660 1482 ordinationi
1693 1451 1872 1482 consentire
1904 1456 2000 1491 atque

359 1504 573 1535 subscribere.

465 1567 582 1597 Postea
607 1578 683 1597 vero
710 1568 873 1608 accipiens
898 1567 1052 1598 auxilium
1079 1574 1109 1598 et
1133 1567 1328 1609 legationem
1352 1568 1416 1597 iam
1442 1578 1538 1608 saepe
1563 1566 1621 1597 fati
1638 1565 1782 1596 Lotharii
1798 1566 2000 1607 imperatoris

358 1620 399 1650 ad
430 1620 541 1650 limina
572 1620 741 1651 beatorum
774 1621 917 1662 perrexit
947 1621 1172 1662 apostolorum,
1205 1633 1267 1652 non
1300 1621 1376 1651 satis
1408 1620 1530 1651 habens
1561 1620 1594 1650 in
1625 1619 1825 1650 restitutione
1850 1630 1908 1650 sua
1931 1619 1999 1649 sine

465 1758 489 1795 *)
522 1765 610 1788 Tra-tas
629 1765 768 1789 documenti
786 1765 867 1796 sparsi
887 1765 912 1789 in
935 1765 1028 1789 libonis
1047 1766 1194 1797 ‹tpolojsctico
1212 1766 1291 1797 peryil
1311 1764 1398 1796 <supra
1414 1774 1441 1796 p.
1460 1767 1508 1789 7:⁴0*
1527 1765 1543 1788 l.
1559 1763 1699 1793 ΙΓᾼῙΗἉ
1728 1761 1890 1787 Hrotlladus
1914 1760 1999 1787 Sues-

517 1812 628 1837 sonicus
646 1813 793 1846 episcopus
811 1812 878 1838 haec
896 1813 935 1838 ita
953 1812 1079 1838 similitor
1095 1813 1236 1843 roboravi;
1268 1813 1352 1840 (hoelm-
1371 1813 1420 1844 (r'g'u-
1444 1812 1648 1838 Hildemannus
1665 1810 1845 1837 Belvacensis
1863 1810 1998 1836 similiter.

517 1865 614 1899 Lupus
640 1864 852 1891 Catalaunensis
883 1866 1019 1891 similiter.
1068 1866 1242 1900 Ragenarius
1273 1866 1470 1891 Ambianensis
1500 1865 1637 1891 similiter.
1685 1864 1830 1898 Erpwinus
1855 1862 1997 1889 Silvanec—

517 1919 604 1944 tensis
629 1919 764 1944 similiter.
802 1919 949 1945 Folcoiuus
967 1919 1141 1945 Tarawensis
1159 1919 1292 1945 similiter.
1328 1919 1412 1944 Innno
1430 1918 1656 1944 Noviomacensis
1680 1917 1820 1949 similiter3
1847 1916 1932 1947 (codex
1951 1917 1998 1948 P):

517 1971 720 1998 Hildemannus
745 1972 925 1998 Belvaccnsis
954 1973 1090 1998 similiter.
1138 1972 1249 1999 Simeon
1274 1972 1470 1998 Laudunensis
1501 1972 1638 1997 similiter.
1686 1971 1830 2005 Erpwinus
1855 1968 1998 1996 Silvanec-

516 2025 602 2051 tensis
638 2025 774 2051 similiter.
834 2025 1018 2058 Raminbarius
1049 2026 1244 2051 Ambianensis
1280 2026 1416 2051 similiter.
1470 2026 1566 2051 Emmo
1600 2025 1826 2051 Noviomaeensis
1861 2027 1997 2053 similiter.

516 2074 671 2100 Folcwinus
696 2075 870 2100 Tarawensis
895 2075 1029 2100 similiter.
1075 2077 1097 2100 G
1121 2077 1211 2100 omittit
1237 2076 1374 2101 Simeonem
1394 2076 1593 2105 Laudunensem,
1622 2076 1646 2099 P
1662 2076 1764 2107 Lupum
1786 2077 1998 2102 catalaunensem.

517 2121 664 2144 Documenti
682 2121 761 2145 altera
780 2121 885 2145 recensio
905 2123 938 2149 (v.
958 2130 1035 2152 supra
1054 2130 1078 2152 [1.
1094 2124 1143 2145 ⁸0.)
1164 2122 1180 2145 l.
1195 2123 1226 2145 25
1237 2126 1300 2153 sqq.)
1319 2121 1413 2145 exhibet
1431 2121 1514 2145 omnia
1534 2129 1616 2145 norem
1634 2121 1801 2152 episcopormn
1819 2122 1929 2146 nomina.

466 2238 475 2259 1
498 2236 534 2259 ibi
554 2236 619 2259 deest
639 2236 712 2267 ilpol.
786 2239 812 2259 et
831 2240 920 2259 cetera
939 2236 1028 2259 desunt
1045 2236 1126 2267 Apol..
1145 2236 1187 2259 secl
1206 2236 1238 2267 cf.
1254 2244 1284 2267 J).
1301 2238 1349 2259 ΤΗΝ
1369 2236 1384 2259 Ι.
1399 2237 1440 2260 30.
1515 2237 1529 2260 2
1550 2236 1734 2267 tramquiliora
1755 2236 1784 2260 P.
1857 2237 1997 2268 magistra-

356 2280 427 2304 tibus
442 2281 473 2307 A,
495 2281 658 2310 magistratis
673 2280 702 2303 P.
776 2282 790 2303 3
811 2281 881 2304 idem
903 2280 976 2311 Apol.
1050 2278 1157 2310 iterum]
1178 2280 1249 2304 idem
1269 2280 1301 2304 A.
1322 2280 1352 2304 P.
1426 2282 1440 2304 4
1462 2283 1487 2304 et
1505 2280 1570 2304 deest
1590 2281 1662 2312 Apol.
1736 2280 1902 2305 Teudericus
1922 2281 1996 2312 Apol.

358 2324 561 2348 Cameracensis
589 2325 618 2348 P.
710 2326 724 2347 5
752 2325 859 2348 dice-ssu
882 2324 910 2348 P.
1002 2328 1027 2348 et
1053 2325 1118 2348 deest
1140 2324 1170 2348 P.
1262 2325 1294 2348 de
1321 2322 1416 2356 ipsius]
1444 2325 1528 2356 ipsius
1555 2325 1587 2349 de
1608 2325 1682 2356 Apol.
1773 2325 1787 2348 6
1814 2325 1946 2349 subserixi
1967 2325 1996 2349 P.

358 2369 372 2391 8
392 2367 577 2399 reboantibus]
598 2369 774 2393 roboantibus
796 2369 827 2392 B.
920 2370 950 2392 13
971 2370 1106 2392 sustinens
1127 2367 1196 2399 eum]
1217 2373 1322 2393 sustens
1343 2377 1401 2393 eum
1422 2369 1452 2393 P.
1546 2371 1576 2393 14
1596 2368 1718 2393 similiter
1734 2381 1763 2384 —
1779 2367 1996 2401 corepiscopum]

356 2414 442 2444 supple
462 2414 577 2443 habens3
602 2423 622 2437 υ
644 2414 659 2437 l.
675 2416 715 2437 11.
791 2414 822 2437 16
843 2410 940 2443 cuncti]
962 2414 1029 2437 cutti
1052 2413 1079 2436 P.
1155 2415 1185 2437 17
1207 2413 1343 2437 exultatus
1364 2413 1394 2437 P.
1469 2414 1500 2437 19
1521 2413 1655 2445 eumpleta
1674 2413 1704 2437 P.
1778 2414 1810 2437 22
1830 2414 1997 2438 sacrosancti

358 2457 450 2481 altaris
471 2458 500 2481 P.
574 2460 606 2481 23
628 2458 743 2482 ecclesia
764 2458 793 2481 P.
867 2459 899 2481 24
921 2461 997 2488 atque
1018 2455 1198 2488 subscribere]
1219 2458 1320 2489 absque
1340 2458 1485 2482 subsistere
1506 2458 1539 2481 A.

466 2572 492 2611 1)
512 2575 698 2603 Suessonicus.
770 2572 798 2611 2)
825 2575 934 2602 Scilicet
949 2575 1178 2608 fflldemanuum,
1204 2575 1251 2611 qui
1267 2575 1375 2602 decreto
1393 2574 1581 2611 episcoporum
1598 2574 1760 2611 subscripsit
1779 2570 1816 2611 (zv.
1834 2575 1850 2601 ἶ.
1867 2576 1915 2603 29-
1934 2572 1995 2611 32).

358 2623 388 2664 3)
413 2628 618 2655 chmhmensis.
704 2626 733 2663 4)
759 2628 974 2656 Silvanectensis
999 2628 1136 2655 eeclesiae.
1223 2624 1252 2665 5)
1279 2627 1504 2655 Catalaunensis.
1598 2622 1627 2665 6)
1651 2627 1732 2654 Nihil
1754 2632 1852 2655 contra
1877 2637 1997 2655 canones

351 2681 463 2715 factum
489 2690 544 2708 esse
576 2686 665 2708 censet
687 2681 815 2717 Bozzquet
838 2679 869 2717 (l.
895 2682 911 2708 l.
944 2681 1005 2715 VII,
1023 2683 1084 2709 279
1108 2691 1176 2708 anu.
1195 2678 1236 2714 cl),
1268 2685 1298 2708 ut
1326 2681 1517 2708 ordinationes
1542 2690 1598 2717 per
1629 2680 1685 2708 eius
1716 2680 1866 2708 absentiam
1892 2681 1997 2715 factae

358 2734 468 2760 validae
486 2734 609 2768 fuerint.
660 2733 702 2761 Cr
733 2735 812 2761 etiam
838 2734 998 2767 Jlinsehius,
1025 2734 1252 2761 ‘Kirclaenreclzt’
1278 2734 1301 2767 I,
1320 2736 1359 2762 84
1383 2744 1451 2761 ann.
1470 2736 1496 2762 1.

2022 718 2047 736 10

2024 982 2046 1001 15

2021 1247 2046 1265 20

2020 1520 2045 1539 25

2019 1870 2044 1889 ³0

2018 2130 2043 2149 35

2015 2421 2042 2440 40

2014 2741 2041 2759 45
