2215 3052
253 260 281 279 ct.
292 261 310 279 1.
320 259 373 282 Reg,

279 287 311 310 21,
322 286 353 304 15.

220 1284 288 1304 Eecli.
297 1285 330 1307 31,
340 1284 371 1303 20.

236 1390 302 1410 Prov.
311 1390 343 1411 23,
353 1391 372 1409 7.

242 1498 260 1518 1.
268 1496 372 1520 eona-3.

256 2240 372 2264 10h.6‚54.

213 2346 243 2365 ib.
254 2346 273 2369 6,
287 2346 372 2365 56-58.

395 110 456 140 770
834 112 884 139 57.
923 111 1140 140 CONCILIUM
1166 112 1443 139 CARISIACENSE
1468 113 1504 140 A.
1527 112 1602 140 838.

393 218 457 237 non
482 205 584 236 solum
608 216 659 236 me
685 205 724 235 de
749 205 845 236 tantis
877 205 954 235 viris
986 205 1020 235 id
1051 205 1185 236 credere
1215 205 1398 236 nullatenus
1429 217 1535 247 posse,
1568 205 1625 237 sed
1656 206 1754 237 etiam
1782 206 1868 249 quod
1892 207 1970 238 mihi
1994 208 2041 238 in-

394 259 501 300 digno,
528 259 582 300 qui
607 270 677 289 sum
703 259 792 289 canis
817 263 962 289 mortuus
987 264 1019 289 et
1042 258 1143 300 pulex
1167 259 1315 299 exiguuS,
1347 263 1411 289 tres
1442 259 1531 301 prius
1556 259 1684 301 digitos,
1717 259 1834 301 quibus
1859 259 2040 300 scribimus,

394 312 548 352 radicitus
573 312 733 353 amputari
750 311 877 350 vellem,
904 323 1001 353 quam
1022 322 1146 342 errores
1171 311 1394 342 huiuscemodi
1418 323 1532 343 manus
1556 313 1706 354 propriae
1732 312 1970 355 subscriptione
1990 313 2041 344 fir-

393 377 525 396 marem.
560 364 682 395 Addidi
709 365 816 402 etiam,
842 364 938 406 quod,
964 365 991 395 si
1015 363 1088 395 libri
1112 364 1158 394 illi
1182 365 1215 395 in
1239 364 1324 395 bono
1350 364 1486 396 concilio
1510 365 1630 396 fuerint
1655 365 1791 396 discussi
1816 371 1847 397 et
1864 366 2041 406 diiudicati,

394 423 487 449 erunt
519 417 632 460 procul
664 417 761 448 dubio
794 417 1065 448 anathematizati.
1115 417 1205 456 Quos
1237 418 1334 448 etiam
1365 419 1574 460 corepiscopo
1606 418 1764 449 ecclesiae
1795 424 1924 450 nostrae
1955 419 2043 450 velut

392 471 487 501 valde
513 471 606 501 utiles
632 470 780 501 omnibus
805 471 897 501 iussit
920 470 1154 511 transcribere,
1187 482 1267 513 quos
1299 482 1373 502 cum
1397 482 1456 513 ego
1482 483 1523 502 cx
1546 476 1638 513 parte
1667 471 1775 514 aliqua
1798 472 1987 513 relegissem
2012 477 2043 503 et

393 524 571 555 mendaciis
606 524 718 566 plenos
751 523 1035 566 deliramentisque
1066 524 1231 563 vidissem,
1268 524 1455 555 dehortatus
1487 536 1567 564 sum,
1603 536 1642 555 ne
1678 524 1739 555 hoc
1775 525 1903 566 penitus
1940 525 2042 564 fieret,

393 576 557 618 librosque
590 588 647 608 suo
679 577 864 619 quantotius
897 577 1021 608 auctori
1052 577 1268 608 restituendos
1300 577 1468 615 admonui,
1504 583 1651 608 metuens
1686 577 1854 617 videlicet,
1890 589 1930 609 ne
1966 589 2043 608 oves

394 630 524 670 Christi,
556 630 589 660 id
621 635 669 660 est
700 629 863 672 simplices
895 642 1034 672 quoque,
1067 642 1109 661 ex
1137 641 1248 661 eorum
1280 630 1417 661 lectione
1450 630 1610 672 quaedam
1641 631 1818 661 vanissima
1849 631 2043 662 curiositatis

394 683 520 714 scabies
553 689 742 725 aspergeret
767 688 797 714 et
821 683 972 714 ardentes
996 683 1134 726 papulae
1160 683 1221 714 diri
1247 684 1364 714 erroris
1390 689 1574 714 exurerent.
1623 683 1748 725 Collegi
1779 689 1885 715 autem
1911 685 1980 726 ipse
2005 695 2043 715 ac

394 736 515 778 digessi
539 737 572 766 in
597 736 742 767 ordinem
768 737 971 778 propriisque
1004 736 1206 767 sermonibus
1237 737 1399 778 explicavi
1423 736 1586 776 nonnulla,
1620 748 1702 778 quae
1731 737 1764 767 in
1788 737 1933 778 generali
1957 748 2043 779 pres-

394 789 581 831 byterorum
601 790 737 821 concilio
754 790 931 831 proposuit,
957 789 1118 829 disseruit,
1137 789 1385 829 commendavit,
1411 801 1452 820 ex
1471 789 1587 831 quibus
1605 790 1674 821 eius
1690 790 1817 820 vanitas
1835 791 2043 832 contemptui,

394 843 489 874 immo
515 844 714 874 execrationi
739 848 858 885 pateat.

501 896 567 928 Sed
591 908 631 927 ne
658 897 729 938 quis
754 908 803 927 me
829 896 912 927 falsa
935 901 1026 938 putet
1054 907 1210 933 asserere,
1242 896 1352 927 veniat
1382 895 1465 927 liber
1489 896 1573 927 illius
1597 897 1631 926 in
1653 896 1796 927 medium
1822 901 1853 927 et
1876 896 2043 928 feditatem

394 951 443 981 sui
467 949 597 992 publice
623 949 805 991 legentibus
833 955 928 991 atque
954 949 1160 980 audientibus
1185 949 1373 989 denudabit,
1406 961 1447 980 ex
1472 961 1535 991 quo
1561 954 1592 980 et
1615 950 1686 989 ista,
1719 961 1801 992 quae
1827 950 2043 981 sincerissimo

394 1004 536 1034 examini
560 1008 666 1034 vestro
693 1002 902 1034 diiudicanda
927 1003 1037 1041 offero,
1062 1003 1231 1033 verissime
1257 1002 1297 1033 ab
1322 1002 1375 1033 illo
1400 1002 1526 1044 prolata
1541 1002 1731 1044 probabitis,
1757 1014 1829 1034 eum
1854 1003 1919 1033 illic
1944 1003 2044 1034 multa

394 1057 557 1087 insaniora
581 1056 735 1097 legeritis.

501 1110 615 1140 Testes
647 1115 720 1140 sunt
751 1109 865 1140 horum
891 1110 1103 1151 corepiscopi,
1136 1115 1234 1140 testes
1266 1109 1496 1149 archidiaconi,
1528 1114 1626 1140 testes
1658 1120 1779 1149 omnes,
1812 1110 1866 1151 qui
1898 1110 2043 1149 aderant,

394 1162 575 1206 presbyteri
600 1162 847 1204 Lugdunenses,
880 1174 899 1193 a
924 1162 1040 1204 quibus
1066 1163 1145 1193 haec
1171 1163 1322 1193 continuo
1347 1163 1442 1193 irrisa
1465 1174 1503 1193 ae
1528 1162 1708 1205 repudiata,
1738 1163 1833 1193 11111110
1858 1163 1988 1204 plancta
2013 1168 2044 1194 et

393 1216 518 1258 plorata
549 1217 697 1257 cognovi,
731 1228 803 1247 cum
837 1216 954 1246 divinis
987 1216 1106 1246 assueti
1138 1215 1266 1246 fluentis
1299 1216 1338 1246 de
1370 1215 1487 1246 lacuna
1517 1215 1675 1247 lutulenta
1703 1215 1815 1246 bibere
1841 1222 2042 1257 cogerentur,

393 1274 630 1301 murmurantes
662 1270 694 1300 in
725 1270 923 1311 nequissimo
956 1281 1039 1311 pane
1071 1269 1248 1308 doctrinae,
1282 1269 1321 1299 de
1354 1280 1416 1311 quo
1442 1269 1681 1300 ecclesiasticus
1705 1269 1847 1311 loquitur
1874 1269 1972 1300 liber:
2005 1269 2043 1300 In

392 1325 581 1365 nequissimo
601 1336 686 1365 pane
712 1324 919 1354 nznrumraln't
942 1325 1054 1354 civitas
1079 1331 1106 1354 et
1128 1324 1333 1353 testimoninm
1358 1324 1515 1364 nequitiae
1542 1323 1630 1354 illius
1656 1336 1759 1353 rernm
1785 1330 1843 1362 es&
1877 1334 1936 1353 1100
1966 1334 2043 1353 vero

393 1376 444 1407 1110
471 1376 581 1407 divina
606 1376 709 1415 docet,
742 1376 799 1407 sed
833 1388 891 1406 sua
923 1377 1095 1407 concinnat
1124 1382 1155 1407 ct
1179 1375 1317 1407 fabricat
1342 1382 1373 1407 et
1397 1377 1489 1407 iuxta
1514 1375 1720 1406 Salomonem
1747 1378 1778 1407 ἰιι
1802 1377 2041 1407 sime'lt'lmlc'nem

393 1430 494 1461 arioli
516 1437 543 1460 et
566 1431 748 1461 eom'eetm-{s
772 1431 915 1461 aestimat
939 1430 1024 1471 quod
1048 1431 1179 1471 “fluerat

501 1482 686 1514 Succurrite
712 1483 819 1524 igitur,
844 1489 952 1524 patres
970 1483 1116 1524 piissimi,
1143 1483 1322 1513 succurrite
1340 1482 1509 1513 animabus
1527 1483 1660 1522 nostris,
1688 1483 1843 1514 modicam
1867 1483 1952 1513 enim
1970 1483 2043 1526 fer-

396 1544 524 1567 mentum
551 1544 641 1567 totam
668 1549 801 1567 massam
828 1537 1011 1578 rorrmulu‘t,
1040 1542 1071 1566 01
1102 1536 1193 1566 iuxta
1217 1536 1380 1577 quendam
1406 1542 1529 1578 patrem
1555 1536 1745 1577 antiquum1
1770 1536 1796 1566 si
1821 1535 1899 1577 quid
1922 1537 1956 1566 in
1979 1535 2043 1566 fide

394 1589 466 1620 falsi
491 1589 678 1629 admittitur,
704 1590 802 1620 intrat
826 1589 961 1631 putredo
988 1589 1027 1619 dc
1055 1600 1178 1620 veneno
1204 1590 1373 1631 serpentis,
1406 1595 1583 1620 nascuntur
1613 1600 1740 1620 vermes
1772 1589 1986 1631 corruptionis
2012 1594 2043 1620 et

394 1643 473 1673 nihil
498 1644 657 1684 integrum
683 1642 872 1673 remanebit.
921 1642 1028 1673 Testis
1054 1649 1101 1673 est
1126 1643 1203 1673 mihi
1229 1643 1431 1684 omnipotens
1456 1642 1558 1681 Deus,
1591 1643 1666 1684 quia
1696 1642 1777 1673 haec
1808 1654 1873 1673 non
1904 1642 2044 1684 impulsu

394 1696 581 1727 iracundiae
602 1702 765 1737 tamquam
784 1696 889 1726 laesus
914 1707 1088 1737 exaggero,
1115 1708 1197 1738 quae
1223 1695 1264 1726 ab
1289 1697 1359 1737 ipso
1385 1697 1491 1727 statim
1517 1696 1660 1735 exordio,
1687 1696 1762 1726 dum
1784 1695 1890 1727 adhuc
1907 1708 1941 1726 50
1965 1695 2044 1726 1111111

394 1755 568 1791 utcumque
593 1749 779 1780 blandulum
806 1749 983 1788 exhiberet,
1016 1749 1124 1780 dolere
1150 1761 1187 1780 110
1213 1749 1365 1780 detestari
1392 1750 1494 1791 coepi,
1526 1761 1587 1780 nec
1612 1749 1741 1780 divinae
1767 1749 1962 1780 ordinationi
1987 1760 2044 1780 seu

393 1803 552 1845 imperiali
578 1803 650 1844 piae
675 1803 863 1844 provisioni,
890 1802 976 1844 quod
1001 1802 1053 1833 ille
1078 1803 1187 1833 forsan
1212 1803 1345 1841 iactitat,
1371 1803 1459 1833 velut
1484 1802 1613 1833 rebellis
1638 1803 1791 1842 existens,
1817 1814 1889 1834 cum
1914 1802 1947 1833 id
1971 1813 2044 1833 mea

394 1857 555 1898 exiguitas
580 1867 640 1886 nec
666 1856 807 1897 cogitare
832 1867 985 1897 umquam
1010 1856 1137 1897 poterit,
1170 1856 1228 1887 sed
1252 1857 1369 1886 erroris
1395 1856 1467 1886 odio
1494 1861 1524 1886 et
1549 1867 1657 1887 amore
1682 1856 1838 1895 veritatis,
1865 1856 2043 1887 aecclesiae

395 1921 522 1952 quoque
547 1910 658 1939 matris
683 1920 773 1939 meae
799 1909 986 1939 vulneribus
1013 1908 1198 1948 condolens,
1231 1910 1321 1940 cuius
1353 1908 1507 1940 uberibus
1539 1909 1579 1940 ab
1605 1909 1741 1940 infantia
1772 1909 1867 1940 alitus
1899 1921 1979 1949 sum,
2010 1909 2043 1939 in

395 1974 458 2004 qua
483 1968 514 1993 et
538 1962 824 1993 administrationis
850 1962 955 1992 locum
981 1968 1012 1992 et
1036 1962 1202 1993 doctrinae
1228 1974 1264 1993 ae
1291 1962 1543 2004 praedicationis
1568 1963 1710 1993 officium
1728 1962 1879 2004 indignus
1900 1962 2042 1993 exercui.

394 2015 490 2046 Certe
515 2016 623 2046 vivam
649 2027 708 2057 ego
734 2016 960 2057 egentissimus
986 2016 1037 2046 vel
1062 2016 1158 2046 etiam
1190 2016 1318 2053 moriar,
1352 2016 1378 2046 si
1407 2015 1530 2057 placet:
1564 2021 1688 2047 tantum
1712 2021 1822 2057 pateat
1846 2015 1962 2046 vulnus
1986 2027 2042 2057 pu-

393 2069 522 2108 tridum,
548 2074 658 2111 pateat
682 2069 788 2099 sanies
813 2069 953 2110 putrida,
986 2075 1017 2099 et
1042 2080 1163 2107 omues,
1196 2070 1251 2110 qui
1276 2069 1337 2099 1100
1361 2068 1533 2100 tabescunt
1557 2069 1717 2110 contagio,
1749 2069 1841 2100 vobis
1866 2068 2042 2111 opitulante

395 2121 523 2153 Christo
548 2122 796 2158 medicantibus,
822 2123 913 2164 gravi
938 2128 1092 2153 vaeterno
1119 2122 1264 2164 depulso,
1290 2127 1399 2164 optata
1423 2122 1588 2163 gaudeant
1612 2123 1760 2153 sanitate.

501 2201 508 2206 .
535 2200 541 2206 .
569 2200 575 2206 .
601 2176 760 2206 Dominus
785 2176 870 2206 enim
895 2181 1004 2206 noster
1027 2176 1118 2206 Iesus
1145 2175 1301 2215 Christus,
1334 2176 1388 2218 qui
1420 2181 1468 2206 est
1492 2187 1588 2206 verus
1620 2181 1651 2206 et
1678 2176 1808 2215 veritas,
1839 2175 2042 2206 verissimum

394 2229 537 2270 eorporis
563 2234 594 2259 et
619 2229 785 2270 sanguinis
810 2229 859 2260 sui
884 2229 1074 2271 mysterium
1098 2229 1131 2259 in
1156 2228 1325 2270 evangelio
1351 2240 1515 2271 exponere
1541 2229 1692 2271 dignatus
1720 2229 1780 2260 ait:
1811 2229 1923 2268 Amen,
1954 2241 2043 2260 amen

395 2282 465 2313 dico
500 2283 601 2313 voltis:
632 2283 699 2314 nisi
729 2282 994 2313 manducaveritis
1025 2295 1149 2313 earnem
1171 2283 1245 2325 filil?
1272 2283 1408 2313 lzomc‘nz's
1440 2290 1466 2313 et
1496 2283 1637 2314 biberitis
1669 2283 1735 2313 eius
1758 2283 1952 2325 san-quinem,
1982 2294 2044 2313 ozon

394 2336 546 2366 habebitis
570 2337 665 2367 sitam
693 2337 723 2366 ιἰι
750 2336 843 2367 vobis.
885 2335 967 2367 Caro
992 2337 1071 2366 enim
1097 2348 1166 2367 mea
1190 2348 1259 2367 vere
1284 2343 1327 2367 est
1350 2337 1447 2374 cibus,
1473 2343 1500 2367 et
1521 2337 1652 2378 sanquis
1675 2348 1760 2367 meus
1783 2347 1852 2367 vere
1877 2343 1921 2366 est
1939 2342 2040 2378 potus.

398 2389 462 2426 Qui
485 2389 652 2420 manducat
674 2401 773 2419 meam
798 2402 920 2420 carnem
947 2396 974 2420 et
998 2390 1076 2420 bibit
1098 2390 1280 2431 wll-quinem
1306 2402 1416 2428 melem,
1443 2391 1472 2421 ἱη
1501 2386 1545 2421 nie
1569 2396 1671 2420 manet
1694 2396 1721 2420 et
1744 2401 1796 2431 ‘³90
1821 2390 1854 2420 ἰἠ1
1875 2401 1918 2420 eo·
1955 2388 2044 2420 Sicut

502 2508 512 2529 1
536 2507 608 2537 quod
627 2507 693 2531 deest
712 2507 743 2530 P.
762 2507 798 2530 M.
873 2508 888 2531 3
908 2507 1060 2531 huiusmodi
1081 2506 1116 2531 M.
1198 2507 1212 2532 7
1233 2507 1371 2531 mendacis
1392 2507 1422 2531 P.
1479 2508 1510 2531 12
1531 2507 1681 2531 contemtui
1701 2504 1736 2530 M.
1803 2507 1835 2530 16
1856 2503 2042 2536 diiudicanda]

394 2550 575 2574 adiudieanda
596 2551 625 2574 P.
717 2552 748 2576 37
769 2549 895 2582 sanitate]
915 2551 1051 2583 {nter-ponit
1067 2555 1123 2582 post
1141 2551 1184 2575 Ῐιῡε
1203 2551 1303 2575 verbum
1323 2549 1509 2581 Manclzemeier,
1534 2551 1549 2575 l.
1564 2551 1580 2575 l.
1596 2560 1624 2582 p.
1639 2553 1716 2582 :Usq-
1736 2551 1808 2575 verba
1828 2551 1855 2574 in
1876 2551 1994 2575 omnium
2010 2563 2042 2566 —

394 2594 511 2623 oberrat,
537 2604 598 2626 quae
625 2604 666 2619 nos
691 2603 747 2619 cum
768 2595 840 2619 Flora·
858 2595 977 2619 relatione
1001 2596 1031 2619 de
1050 2595 1151 2620 concilio
1173 2595 1336 2620 Carisicwensl
1354 2596 1526 2627 coniunssenda
1545 2595 1695 2620 credidimus
1713 2593 1797 2627 (infra
1812 2604 1840 2627 p.
1858 2597 1904 2619 781
1926 2595 1941 2619 ἰ.
1956 2597 1989 2618 34
2009 2607 2043 2611 —

393 2647 418 2669 p.
435 2640 484 2662 782
503 2639 519 2662 l.
534 2640 588 2665 14).
652 2640 685 2663 38
706 2640 839 2664 Dominus
859 2638 918 2671 ela]
936 2648 998 2672 quae
1017 2639 1074 2664 inde
1092 2640 1122 2663 ab
1139 2640 1182 2664 hoc
1200 2640 1270 2664 verbo
1288 2640 1322 2664 ad
1336 2640 1415 2671 finem
1433 2644 1578 2672 sequuntur,
1598 2648 1626 2664 ea
1645 2639 1672 2664 in
1691 2639 1838 2664 editionibus
1852 2639 1963 2671 praeviis
1980 2639 2043 2663 rela-

394 2683 455 2707 tioni
469 2682 540 2707 Flort'
559 2683 588 2707 de
607 2683 708 2708 concilio
729 2684 892 2708 carisiacensi
910 2684 982 2716 qnasi
1000 2693 1033 2708 cc.
1050 2684 1135 2708 :mecL
1149 2697 1183 2700 —
1198 2686 1231 2707 22
1249 2684 1430 2708 attribuuntur.

505 2781 533 2815 1)
559 2782 622 2809 Non
647 2782 747 2810 inveni.

2064 696 2090 714 10

2065 965 2089 983 15

2063 1231 2089 1250 20

2063 1495 2089 1514 25

2063 1761 2090 1780 ³0

2063 2026 2089 2045 35

2062 2292 2090 2311 40

2061 2602 2089 2621 45
