2215 3052
171 1278 188 1296 2,
200 1276 250 1296 Cur.
259 1277 289 1296 11.
297 1276 328 1296 2¹¹3.

187 1756 214 1774 cf.
224 1755 270 1774 Cul.
281 1756 299 1776 4.
309 1756 328 1774 1³.

346 107 409 136 482
812 107 862 132 44.
900 106 1117 134 CONCILIUM
1142 106 1368 133 PARISIENSE
1394 108 1428 134 A.
1452 107 1525 134 825.

346 208 471 244 gantur.
521 201 585 232 Sed
610 201 683 231 licet
709 201 741 230 in
766 200 843 241 ipsis
873 198 1110 230 obiectionibus
1143 199 1317 241 aliquando
1350 199 1483 240 absona,
1515 200 1689 242 aliquando
1720 202 1994 242 inconvenientia,

346 254 519 297 aliquando
545 255 640 284 etiam
666 252 917 294 reprehensione
943 252 1041 294 digna
1065 253 1249 283 testimonia
1283 252 1480 283 defensionis
1512 254 1617 295 gratia
1647 254 1792 296 proferre
1823 255 1912 286 nisus
1944 256 1994 295 sit,

346 309 378 338 in
404 308 464 338 fine
490 314 597 338 tamen
622 305 766 336 eiusdem
791 305 960 347 apologiae
987 306 1033 336 sie
1059 317 1092 336 se
1117 306 1236 336 sentire
1263 310 1294 336 et
1317 311 1428 336 tenere
1453 311 1485 336 et
1512 306 1704 348 praedicare
1736 318 1773 338 ac
1805 308 1995 349 praecipere

347 361 385 392 de
411 349 469 399 his,
503 371 584 402 quae
619 358 809 400 agebantur,
841 358 1006 400 professus
1040 364 1097 398 est,
1130 359 1213 389 sicut
1237 370 1255 389 a
1279 358 1375 389 beato
1407 370 1494 401 papa
1523 358 1682 401 Gregorio
1714 361 1893 391 institutum
1925 372 1995 392 esse

348 413 545 444 constabatl.
607 411 733 450 Quibus
770 411 879 442 verbis
914 411 1039 453 liquido
1076 411 1247 453 colligitur,
1285 412 1371 454 quod
1406 423 1471 442 non
1506 417 1630 443 tantum
1666 413 1806 444 scienter
1841 419 1996 456 quantum

348 468 533 504 ignoranter
557 466 589 495 in
615 464 729 495 eodem
754 464 839 495 facto
865 476 884 495 a
907 470 996 495 recto
1021 465 1147 495 tramite
1173 465 1363 495 deviaverit.
1400 465 1472 496 Nisi
1497 465 1580 495 enim
1606 466 1640 496 in
1665 466 1871 497 conclusione
1890 466 1996 498 obiec-

348 521 469 549 tionum
495 529 624 548 suarum
650 517 838 548 retinaculis
862 518 1018 557 veritatis,
1044 517 1131 548 beati
1156 517 1280 548 scilicet
1306 517 1457 559 Gregorii
1482 519 1646 558 institutis,
1679 519 1829 550 astrictus
1858 520 1919 550 iter
1943 519 1996 550 de-

346 573 433 602 vium
458 571 688 613 praecavisset,
714 571 747 601 in
771 571 1007 612 superstitionis
1032 571 1258 612 praecipitium
1284 571 1413 602 omnino
1438 570 1503 602 labi
1527 572 1696 613 potuisset.

452 625 512 654 His
544 624 641 665 igitur
672 635 730 665 pro
763 629 860 665 captu
892 624 1014 665 ingenii
1046 623 1281 655 animadversis
1307 630 1338 654 et
1361 623 1543 658 intellectis,
1573 630 1608 655 ut
1631 624 1757 666 plenius
1783 625 1879 656 etiam
1902 625 1996 656 nobis

347 683 464 708 cuncta
487 682 702 719 patescerent,
728 677 864 707 fecimus
890 677 1059 719 epistolam
1083 676 1176 707 nobis
1200 677 1312 718 relegi,
1338 688 1435 719 quam
1452 677 1546 708 vobis
1571 677 1669 719 legati
1688 676 1888 709 Graecorum
1913 690 1996 710 anno

346 731 519 772 praeterito
537 730 724 762 detulerunt
735 733 754 760 Ἰ.
792 729 998 760 Venerabilis
1015 742 1154 772 namque
1172 730 1341 761 Freculfus
1359 731 1531 772 episcopus
1542 733 1554 750 3
1570 729 1730 761 subtiliter
1745 731 1997 773 prudenterque,

348 784 486 826 qualiter
516 785 585 825 ipse
619 790 650 814 et
674 783 858 825 Adegarius
870 786 890 822 ⁴,
924 784 1030 814 socius
1062 783 1157 822 illius,
1190 783 1229 814 de
1254 783 1315 814 hac
1345 794 1379 814 re
1410 794 1482 814 cum
1514 783 1631 814 domno
1663 784 1840 825 apostolico
1869 789 1900 815 et
1925 796 1998 815 cum

346 837 542 867 venerandis
567 837 728 878 episcopis
754 842 785 867 ct
808 837 963 867 ministris
996 836 1080 867 illius
1112 838 1263 878 egissent,
1296 837 1373 867 viva
1403 848 1484 867 voce
1516 837 1668 878 parvitati
1697 842 1825 868 nostrae
1849 838 1997 869 innotuit.

348 890 414 921 Sed
447 902 519 921 cum
543 890 695 932 prudenti
720 890 823 921 relatu
848 890 932 920 illius
958 895 1076 920 cuncta
1105 890 1380 931 cognovissemus,
1413 889 1551 931 qualiter
1581 890 1700 932 partim
1730 891 1876 921 veritatis
1908 891 1998 932 igno-

348 945 461 982 rantia,
487 944 602 985 partim
628 944 788 985 pessimae
815 943 1058 974 consuetudinis
1083 955 1143 974 usu
1167 943 1261 974 huius
1294 943 1530 984 superstitionis
1562 944 1662 985 pestis
1695 943 1757 974 illis
1788 943 1821 973 in
1852 943 1998 985 partibus

347 997 542 1031 inolevisset.
569 1002 600 1027 et
624 997 733 1038 priora
758 1002 789 1027 et
805 997 985 1038 posteriora
1003 996 1237 1027 studiosissime
1256 996 1562 1036 considerassemus,
1588 996 1817 1035 intelleximus,
1844 1002 1997 1038 quantum

348 1050 440 1081 nobis
465 1062 516 1081 res
541 1051 653 1092 patuit,
684 1062 745 1092 quo
771 1050 840 1081 zelo
866 1050 907 1080 ad
932 1050 1013 1081 haec
1038 1049 1276 1081 consideranda
1299 1056 1409 1081 vestra
1433 1055 1546 1081 sancta
1570 1050 1700 1081 devotio
1726 1050 1868 1080 excitata
1892 1050 1997 1080 fuerit.

348 1105 420 1135 Non
452 1105 536 1134 enim
568 1104 754 1144 ignoramus
787 1104 929 1134 animum
961 1109 1104 1134 vestrum
1136 1114 1253 1144 magno
1285 1103 1393 1134 taedio
1418 1114 1512 1145 posse
1545 1103 1642 1143 affici,
1675 1114 1748 1134 cuin
1773 1102 1843 1133 illos
1868 1114 1887 1133 a
1910 1108 1999 1134 recto

348 1158 473 1187 tramite
511 1157 737 1198 quoquomodo
774 1157 960 1198 conspicitis
997 1156 1139 1189 deviare.
1177 1157 1230 1198 qui
1267 1168 1392 1187 summa
1427 1157 1617 1187 auctoritate
1655 1156 1793 1198 praediti
1829 1156 1998 1187 deviantes

349 1221 492 1252 quosque
525 1209 705 1241 debuerant
738 1211 910 1251 corrigere.
959 1210 1017 1241 Illo
1048 1221 1165 1251 nempe
1198 1209 1266 1240 zelo
1299 1210 1428 1240 accensi
1460 1210 1546 1249 estis,
1579 1209 1618 1240 de
1651 1221 1714 1252 quo
1739 1209 1853 1240 beatus
1878 1209 1998 1240 Paulus

349 1263 512 1305 apostolus
538 1263 633 1294 dicit:
662 1264 740 1301 Quis
763 1264 1005 1296 .s·‹;a11‹lalz'zat11r.
1031 1271 1058 1294 et
1081 1276 1133 1305 ‘i‘ls'
1160 1276 1217 1294 uon
1246 1264 1342 1294 urm-2
1377 1262 1459 1293 Cum
1484 1263 1569 1294 enim
1594 1263 1673 1294 duos
1698 1263 1731 1293 in
1756 1262 1899 1304 periculo
1925 1274 1999 1293 eon-

349 1317 474 1347 stitutos
500 1317 715 1358 conspexistis
741 1322 772 1347 et
796 1328 815 1347 a
838 1317 892 1347 via
916 1317 1007 1358 regia
1031 1316 1243 1355 declinantes,
1269 1328 1367 1347 unum
1390 1316 1514 1347 scilicet
1537 1316 1579 1347 ad
1596 1317 1759 1347 sinistram
1776 1316 1808 1346 in
1826 1315 1999 1357 abruptum

350 1370 656 1411 confringendarum
688 1370 865 1411 imaginum
897 1369 1094 1411 prolapsum.
1126 1369 1262 1400 alterum
1295 1380 1372 1400 vero
1404 1369 1446 1400 ad
1478 1369 1646 1400 dexteram
1678 1370 1711 1399 in
1743 1369 2000 1411 superstitiosam

348 1423 500 1454 videlicet
536 1423 711 1454 earundem
748 1424 924 1464 imaginum
961 1422 1183 1453 adorationem
1218 1422 1406 1464 proclivem,
1442 1422 1589 1453 voluistis
1625 1434 1683 1453 vos
1714 1422 1834 1453 affectu
1869 1422 1999 1464 pietatis

348 1476 490 1507 medium
516 1488 678 1518 opponere
705 1482 735 1507 et
760 1477 926 1518 utriusque
952 1477 1053 1518 partis
1078 1475 1190 1506 morbo
1216 1475 1413 1506 salutiferam
1438 1475 1633 1506 medicinam
1659 1476 1816 1506 conferre.

457 1529 522 1561 Sed
555 1530 707 1571 quoniam
738 1530 915 1560 maximum
947 1529 1039 1560 vobis
1072 1530 1104 1559 in
1137 1540 1173 1559 eo
1206 1528 1407 1560 obstaculum
1439 1534 1518 1568 erat,
1552 1541 1589 1559 eo
1615 1529 1702 1571 quod
1726 1540 1800 1571 pars
1826 1528 1889 1568 illa,
1915 1540 1999 1571 quae

350 1582 490 1614 debebat
522 1588 628 1613 errata
661 1584 823 1624 corrigere
856 1594 977 1625 suaque
1010 1583 1200 1613 auctoritate
1233 1582 1366 1613 huiusce
1392 1583 1629 1624 superstitionis
1655 1583 1755 1613 errori
1786 1581 1897 1617 obniti,
1929 1583 2000 1624 ipsa

349 1648 479 1678 prorsus
505 1636 609 1667 eidem
635 1637 855 1678 superstitioni
880 1647 944 1666 non
970 1636 1071 1667 solum
1097 1637 1257 1669 resistere,
1282 1647 1395 1666 verum
1413 1636 1510 1666 etiam
1527 1636 1658 1666 incauta
1675 1635 1862 1666 defensione
1888 1641 2001 1666 contra

349 1691 574 1720 auctoritatem
607 1689 751 1720 divinam
783 1695 812 1719 et
844 1695 1028 1720 sanctorum
1060 1695 1187 1731 patrum
1220 1688 1306 1719 dicta
1338 1687 1502 1719 nitebatur
1534 1689 1715 1730 suffragari,
1748 1689 1875 1731 aperuit
1906 1688 1999 1720 vobis

349 1744 509 1774 Dominus
535 1744 650 1773 ostium
683 1743 772 1773 iuxta
805 1748 949 1784 optatum
981 1742 1074 1773 vobis
1099 1742 1306 1775 desiderium,
1339 1747 1372 1772 ut
1397 1742 1529 1772 licentia
1557 1741 1650 1773 vobis
1675 1742 1716 1772 ab
1741 1742 1855 1773 eadem
1880 1741 1999 1773 tribue-

350 1802 438 1827 retur
462 1797 652 1827 auctoritate
677 1802 786 1826 tantae
812 1796 858 1826 rei
883 1807 956 1826 cum
982 1797 1097 1826 vestris
1125 1795 1302 1838 quaerendi
1334 1795 1535 1825 familiariter
1559 1796 1740 1834 veritatem,
1771 1801 1816 1833 ut,
1848 1796 2000 1837 quoniam

350 1851 452 1880 iuerat
489 1849 580 1880 vobis
616 1849 765 1880 voluntas
805 1849 994 1880 consulendi
1031 1855 1062 1879 et
1102 1849 1212 1879 deerat
1251 1849 1426 1879 auctoritas
1466 1848 1659 1890 quaerendi,
1700 1849 1769 1880 eius
1809 1849 1999 1879 auctoritate

351 1903 548 1945 quaereretis
580 1903 760 1934 veritatem.
794 1903 884 1933 cuius
916 1903 1090 1933 auctoritas
1123 1902 1255 1933 deviare
1280 1901 1453 1932 videbatur
1484 1901 1524 1932 ab
1554 1902 1626 1943 ipsa
1650 1903 1796 1938 veritate,
1829 1907 1998 1943 quatenus

350 1963 460 1988 saneto
486 1963 592 1987 vestro
619 1956 780 1987 desiderio
806 1967 843 1987 ac
869 1956 1016 1997 vigilanti
1042 1956 1147 1986 studio
1172 1956 1293 1986 veritas
1318 1955 1493 1997 patefacta,
1519 1954 1594 1985 dum
1620 1966 1653 1985 se
1679 1955 1711 1985 in
1736 1955 1877 1985 medium
1894 1960 1997 1985 osten-

349 2010 449 2046 deret,
487 2011 582 2040 etiam
618 2010 688 2051 ipsa
725 2010 900 2040 auctoritas
936 2009 1047 2040 volens
1083 2009 1260 2050 nolensque
1296 2009 1424 2039 veritati
1462 2008 1591 2039 cederet
1627 2014 1723 2050 atque
1760 2007 1996 2039 succumberet.

350 2064 471 2094 Verum
497 2064 647 2105 quoniam
674 2063 807 2093 fratrum
834 2063 919 2093 salus
944 2074 1008 2093 11011
1034 2068 1081 2093 est
1105 2061 1308 2103 neglegenda
1334 2068 1365 2092 et
1390 2062 1534 2092 eminens
1559 2062 1733 2092 auctoritas
1757 2072 1820 2092 non
1838 2066 1886 2092 est
1901 2061 1996 2092 facile

349 2116 627 2158 r«prehendenda,
660 2117 764 2147 visum
797 2122 843 2147 est
876 2117 1073 2147 extremitati
1104 2121 1242 2147 nostrae.
1274 2120 1308 2145 ut
1340 2115 1443 2145 omnis
1467 2120 1593 2145 vestrae
1620 2115 1802 2145 serenitatis
1827 2125 1931 2145 sermo
1956 2114 1998 2144 ad

349 2169 418 2199 illos
444 2170 627 2211 specialiter
651 2181 692 2199 ex
717 2169 965 2211 apostolicarum
991 2169 1181 2199 auctoritate
1199 2168 1378 2198 litterarum
1396 2167 1564 2209 dirigatur,
1590 2179 1724 2209 quorum
1744 2168 1882 2209 primum
1900 2179 1998 2198 causa

350 2223 391 2253 ad
416 2223 494 2253 haec
521 2222 706 2264 quaerenda
727 2223 803 2253 estis
822 2223 964 2256 excitati,
991 2228 1022 2252 et
1040 2221 1195 2263 quicquid
1212 2221 1462 2263 reprehensione
1487 2222 1519 2251 in
1538 2221 1681 2262 utrisque
1699 2220 1845 2262 partibus
1863 2220 1997 2261 dignum

351 2277 556 2316 cognmcitur
591 2276 632 2306 ad
668 2275 793 2306 illorum
830 2286 1000 2317 personam
1037 2276 1142 2316 potius
1178 2275 1347 2313 referatur,
1385 2275 1439 2316 qui
1471 2274 1571 2305 libere
1603 2274 1770 2305 admoneri
1802 2279 1935 2315 possunt
1966 2278 1997 2304 et

351 2340 484 2370 (piorum
511 2329 708 2360 scandalum.
735 2330 759 2359 si
786 2340 842 2370 pro
868 2329 1003 2359 veritate
1030 2334 1133 2358 ortum
1158 2328 1264 2361 fucrit.
1290 2327 1417 2358 facilius
1442 2327 1571 2358 tolerari
1596 2332 1711 2369 potest.

458 2382 626 2412 Credimus
653 2383 770 2423 itaque.
803 2382 888 2423 quod
920 2381 989 2412 illos
1022 2381 1289 2423 reprehendendo
1315 2381 1441 2422 illisque
1474 2379 1700 2422 conpatiendo,
1732 2380 1809 2411 istos
1834 2391 1911 2410 vero
1943 2379 1996 2410 de-

351 2434 530 2468 mulcendo,
564 2434 724 2465 laudando
750 2441 780 2465 et
806 2434 1019 2476 praeferendo
1052 2446 1226 2476 eorumque
1259 2435 1483 2465 auctoritatem
1507 2434 1633 2475 magnis
1658 2432 1789 2464 laudum
1814 2433 1996 2475 praeconiis

351 2488 513 2518 efferendo
540 2496 570 2517 (ιι
595 2495 724 2519 sanctae
750 2489 893 2519 Romane
919 2488 1076 2519 ecclesiae
1102 2487 1297 2529 condignam
1322 2487 1450 2518 laudem
1477 2486 1662 2526 deferendo,
1694 2487 1863 2517 veritatem
1889 2492 1997 2516 tamen

457 2615 489 2637 :34
511 2615 609 2637 veritas
631 2615 764 2644 patefacta
785 2615 875 2638 ιιυίιιὶιι.
895 2615 970 2639 absol.

462 2722 488 2749 1)
516 2722 562 2756 (f-
591 2722 662 2748 ΜΗ.
694 2722 766 2757 Ιίμῃ.
794 2723 886 2749 1356.
970 2722 999 2753 2)
1032 2722 1060 2749 V.
1086 2732 1175 2758 supra
1195 2732 1226 2758 p.
1244 2722 1303 2750 475
1315 2731 1375 2758 sqq.
1461 2720 1490 2753 3)
1517 2720 1698 2748 Leoeoriensis
1722 2717 1762 2755 (c.
1787 2718 1996 2757 822—850).

352 2775 381 2801 4)
408 2774 452 2801 De
477 2774 618 2810 Adeffltstlo
643 2775 683 2808 ‹f-
710 2775 828 2803 Situsotz.
854 2776 870 2801 l.
897 2776 913 2801 l.
941 2775 963 2802 I.
991 2777 1049 2803 247
1073 2776 1205 2803 nnn-10.

2018 691 2043 709 10

2018 956 2043 975 15

2019 1221 2045 1240 20

2019 1487 2045 1506 25

2021 1753 2046 1772 30

2018 2019 2043 2038 ³5

2017 2285 2043 2303 40

2016 2617 2042 2635 45
