2215 3052
368 115 430 144 624
834 116 883 142 5o.
922 116 1135 143 CONCILIUM
1162 116 1385 142 PARISIENSE
1410 117 1446 142 A.
1468 115 1541 142 829.

473 211 573 250 Cap.
600 209 707 239 XVII.
755 208 882 247 Quod
922 209 1044 239 nulli
1085 210 1419 251 cpiscoporum
1459 209 1609 240 liccat
1650 220 1722 240 res
1763 209 2008 240 eeclesiae

367 268 501 293 extra
534 263 805 292 constituta
839 273 1064 292 canonum
1089 263 1263 303 passim
1296 262 1339 292 in
1364 262 1568 293 alterius
1599 263 1702 293 iura
1726 262 2008 293 transferre.

367 315 528 347 Canonica
555 326 690 353 censura
716 315 870 348 decernit.
897 320 930 345 ut
954 326 1004 345 res
1030 314 1187 346 ecclcsiae
1212 315 1274 345 nisi
1299 314 1339 346 ob
1358 315 1473 346 nimias
1494 316 1713 351 necessitates,
1739 326 1819 357 quas
1845 314 2008 347 describit.

366 359 458 399 nenio
494 368 659 399 distrahat.
709 368 804 407 Quod
840 368 865 398 si
903 368 1062 409 quispiam
1098 368 1273 398 inminente
1309 368 1407 399 nimia
1443 369 1633 399 necessitate
1665 368 1844 399 inconsulto
1874 369 2009 409 primate

366 421 551 462 provinciae
577 427 630 451 aut
655 426 740 451 certe
761 422 874 452 maiori
894 427 1050 462 urguente
1071 421 1274 453 necessitate,
1299 432 1363 452 11011
1384 420 1536 452 adhibitis
1553 421 1688 452 testibus
1705 421 1820 451 vicinis
1838 421 2009 462 episcopis,

366 473 397 503 id
422 473 528 504 facere
554 473 813 515 adtemptaverit,
839 475 881 504 ita
908 474 1064 504 canonico
1090 473 1208 504 iudicio
1234 473 1427 515 percellitur,
1453 474 1576 505 scilicet
1598 479 1631 504 ut
1651 474 1767 514 amisso
1793 473 1912 504 honore
1936 484 2010 504 reus

365 526 437 556 Deo
464 532 494 556 et
519 526 653 557 concilio
678 532 834 557 teneatur.
882 527 923 557 Et
960 526 1033 556 licet
1069 526 1223 557 moderno
1260 532 1402 568 tempore
1438 527 1615 557 necessitas
1652 538 1716 556 11011
1753 526 1940 567 compellat,
1977 532 2011 557 ut

365 585 475 620 aperte
501 590 551 609 res
576 579 794 610 distrahantur
819 579 986 614 ecclesiae,
1013 579 1191 610 verendum
1216 585 1263 610 est
1288 586 1405 612 tamen.
1430 591 1470 610 110
1494 579 1639 610 0131101110
1658 579 1841 610 vendantur
1861 584 1891 610 et
1917 590 2010 610 cano-

365 632 437 662 nica
462 632 678 663 interminatio
704 632 865 663 subeatur.
908 632 1045 670 Quando
1071 633 1155 662 enim
1181 633 1341 674 quispiam
1358 633 1573 674 praelatorum
1592 638 1646 663 aut
1663 633 1804 663 muneris
1822 638 1877 663 aut
1893 633 2010 663 amoris

366 690 420 716 aut
444 686 606 716 amicitiae
632 690 685 716 aut
719 691 804 716 certe
836 686 959 716 timoris
984 684 1035 715 vel
1061 685 1232 716 cuiuslibet
1256 685 1386 716 alterius
1412 686 1458 716 rei
1483 686 1587 727 gratia
1612 696 1662 716 res
1688 685 1844 716 ecclesiae
1869 686 1901 715 in
1926 696 2009 716 com-

366 739 573 769 mutationem
610 738 679 777 dat,
717 738 884 769 commoda
921 737 1043 768 seilicet
1079 744 1109 769 et
1139 738 1230 768 utilia
1262 738 1340 768 dans
1366 745 1396 769 ct
1421 737 1624 769 incommoda
1649 744 1679 769 et
1704 738 1828 769 inutilia
1853 738 2010 769 ecelesiae

365 803 442 822 suae
467 792 641 833 accipiens,
666 791 867 822 venditorem
892 792 1097 822 temerarium
1123 791 1415 822 ecclesiasticarum
1440 802 1546 822 rerum
1567 802 1600 821 se
1622 802 1691 822 esse
1711 791 1837 822 noverit
1856 802 2010 832 reumque

365 845 437 875 Deo
463 850 494 875 et
519 844 654 875 concilio
680 845 916 875 contremiscat.
966 844 1061 883 Quod
1092 845 1167 886 quia
1198 845 1230 874 in
1263 844 1498 875 commutandis
1524 844 1620 875 rebus
1645 844 1677 875 id
1702 855 1838 886 persepe
1863 845 2009 875 evenisse

366 897 498 928 dubium
522 909 586 927 11011
611 903 668 933 051,
695 897 875 927 cavendum
901 909 1103 939 summopere
1129 897 1246 928 abhinc
1272 897 1423 938 praelatis
1449 902 1505 931 est,
1531 908 1571 927 ne
1596 898 1628 927 111
1653 897 1887 928 commutandis
1907 897 2005 928 eecle-

366 951 503 981 siasticis
540 950 634 981 rebus
667 951 785 981 incauti
818 951 967 981 existant.
1016 950 1066 981 De
1103 962 1167 981 non
1202 950 1381 981 alienandis
1417 962 1493 981 vero
1529 950 1626 981 rebus
1661 950 1890 981 ecclesiasticis
1925 962 2011 992 papa

367 1003 578 1045 Symmachus
598 1004 631 1033 in
652 1003 791 1034 decretis
813 1004 876 1034 suis
901 1004 985 1034 inter
1009 1009 1116 1034 cetera
1142 1004 1185 1034 ita
1210 1003 1337 1034 scribit:
1364 1005 1436 1033 His1
1461 1017 1527 1042 erg-0
1551 1009 1697 1042 perpensis
1721 1017 1848 1034 mansuro
1872 1017 1933 1034 cum
1957 1009 2010 1035 Dei

366 1062 451 1087 nostri
476 1061 699 1087 ‹·0nsid(·1·ations·
725 1062 841 1087 decreto
866 1062 1014 1093 sancimus,
1044 1065 1071 1087 ut
1096 1062 1165 1087 nulli
1190 1062 1362 1095 apostolicae
1387 1062 1462 1087 sedis
1488 1062 1608 1095 praesuli
1634 1071 1649 1087 a
1673 1062 1815 1095 praesenti
1840 1062 1896 1092 die,
1922 1062 2010 1088 donec

366 1115 532 1148 disponente
558 1115 676 1140 Domino
705 1115 837 1140 manserit
870 1115 995 1140 doctrina
1026 1114 1186 1145 salx-amris,
1222 1114 1305 1141 liceat
1340 1115 1484 1149 praedium
1519 1115 1651 1140 rusticum
1687 1118 1929 1149 quantaecumque
1965 1115 2010 1141 vel

367 1168 565 1201 magmitudinis
590 1167 635 1193 vel
670 1168 829 1202 exiguitatis
861 1168 910 1193 sub
934 1171 1072 1201 perpetua
1097 1168 1266 1194 alienatione
1292 1168 1337 1194 vel
1366 1168 1581 1194 commutatione
1607 1169 1641 1194 ad
1667 1168 1816 1194 cuiuslibet
1840 1169 1898 1194 iura
1921 1172 2009 1194 trans-

366 1221 439 1246 ferre
458 1230 517 1250 vnec
543 1221 703 1255 cuiusquam
728 1221 858 1254 publicae
885 1221 1064 1247 necessitatis
1089 1221 1219 1251 obtentu,
1246 1221 1360 1255 quippe,
1386 1230 1446 1246 cuni
1470 1230 1524 1247 uon
1545 1221 1580 1246 sit
1605 1221 1753 1255 personale
1771 1221 1844 1255 quod
1862 1221 2009 1255 loquimur,

366 1283 417 1299 nec
442 1274 542 1307 aliquis
567 1274 729 1300 clericorum
754 1274 798 1299 vcl
828 1274 959 1299 laicorum
990 1274 1041 1299 sub
1072 1274 1123 1300 hac
1156 1274 1299 1300 occasion«¹
1332 1278 1447 1308 accepta
1480 1278 1602 1300 tucatur.
1652 1274 1708 1300 Sed
1739 1283 1791 1299 nec
1823 1275 1850 1299 in
1882 1274 2009 1300 usufruc-

365 1327 455 1352 tuario
480 1327 585 1361 aliquid
610 1327 667 1353 dari
695 1327 778 1353 liccat
802 1336 855 1353 nec
887 1328 952 1353 <lata
982 1328 1096 1353 retineri
1128 1332 1241 1361 praeter
1272 1328 1387 1353 clericos
1420 1332 1447 1353 et
1471 1328 1595 1361 captivos
1620 1332 1704 1361 atque
1729 1328 1902 1362 peregrinos.
1950 1322 2010 1352 His

365 1374 473 1405 verbis
498 1380 607 1416 aperte
633 1381 841 1409 monstratur,
875 1377 966 1417 quia.
1001 1375 1086 1417 quod
1119 1375 1220 1406 isdem
1251 1387 1334 1417 papa
1367 1375 1561 1417 apostolicae
1592 1375 1677 1406 sedis
1702 1375 1830 1417 praesul
1855 1380 2010 1417 perpetuo

366 1427 603 1459 observandum
629 1429 769 1464 censuit,
802 1429 1007 1459 nihilominus
1040 1428 1188 1459 0111011105
1213 1428 1416 1470 praesulibus
1442 1429 1653 1459 ecclesiarum
1678 1428 1915 1459 observandum
1940 1440 2010 1470 per-

367 1481 484 1512 docuit.

474 1543 574 1585 Cap.
602 1543 725 1574 XVIII.
776 1544 904 1582 Quod
941 1555 1012 1574 res
1049 1544 1294 1575 ccclesiae
1330 1555 1413 1574 non
1445 1545 1540 1574 sint
1572 1543 1936 1583 sacerdotibus,
1974 1545 2010 1574 si

368 1608 445 1627 eas
486 1602 680 1627 strenue
721 1596 1143 1638 dispensaverint,
1185 1608 1326 1628 eausa
1366 1598 1569 1639 peccati.
1629 1596 1789 1628 Convenit
1828 1596 2010 1639 pastoribus

367 1649 578 1681 eeclesiarum
603 1661 653 1680 res
679 1649 835 1680 ecclesiae
860 1650 1036 1691 possidere,
1061 1661 1124 1680 non
1150 1649 1190 1680 ab
1215 1650 1264 1680 his
1289 1650 1446 1692 possideri
1472 1656 1512 1689 et,
1537 1656 1571 1681 ut
1596 1650 1786 1681 Pomerius‘2
1810 1649 1930 1689 scribit,
1956 1661 2010 1680 eas

368 1703 563 1744 possidendo
601 1702 718 1733 debent
755 1708 981 1744 contempnere
1019 1708 1049 1733 et
1084 1714 1147 1733 non
1184 1702 1261 1742 sibi,
1303 1703 1358 1734 sed
1398 1703 1468 1734 aliis
1504 1703 1680 1745 possidere.
1735 1703 1869 1734 Constat
1905 1708 2009 1734 autem

368 1756 584 1786 sanctissimos
610 1756 787 1797 pontifices,
813 1756 867 1797 qui
893 1767 965 1786 cum
983 1755 1110 1786 Christo
1136 1762 1374 1787 remuneratore
1400 1768 1456 1787 suo
1482 1762 1626 1798 regnant,
1652 1768 1787 1798 quorum
1805 1767 1863 1787 nos
1888 1755 2010 1797 indigni

367 1809 472 1839 locum
497 1814 652 1845 tenemus,
678 1820 728 1839 res
754 1808 912 1839 ecclesiae
938 1821 1000 1839 11011
1026 1808 1097 1847 51111,
1123 1809 1180 1840 sed
1205 1809 1274 1840 aliis
1299 1809 1480 1851 possedisse
1506 1815 1536 1840 et
1560 1821 1623 1840 non
1648 1809 1689 1840 ad
1708 1821 1798 1840 suam
1822 1809 1956 1851 gloriam
1981 1815 2012 1840 et

368 1862 630 1899 delectationem,
668 1862 724 1892 sed
760 1862 864 1903 potius
901 1862 942 1892 ad
974 1862 1035 1892 Dci
1072 1862 1225 1893 honorem
1263 1869 1293 1893 et
1324 1863 1467 1893 fidelium
1500 1863 1759 1893 commoditatem
1785 1874 1838 1893 eos
1864 1863 1912 1893 his
1936 1873 2010 1893 usos

368 1915 476 1946 fuisse.
517 1915 611 1945 Unde
637 1915 746 1956 liquet,
772 1916 846 1956 quia
873 1915 950 1946 nihil
975 1917 1020 1946 eis
1046 1915 1216 1947 obfuerunt
1235 1915 1275 1946 ad
1293 1916 1542 1947 nanciscendam
1560 1922 1710 1947 aeternae
1728 1916 1851 1958 patriae
1876 1915 2009 1957 gloriam

368 1980 418 1999 res
455 1968 672 1999 ecclesiastice
709 1968 986 1999 commodissimae
1023 1974 1118 2010 atque
1155 1969 1367 2011 amplissime,
1409 1981 1487 2011 quas
1522 1969 1661 2000 fideliter
1696 1969 2009 2000 administraverunt.

369 2021 572 2063 Quicumque
598 2032 673 2062 ergo
699 2021 876 2052 secundum
897 2021 1072 2052 eorundem
1094 2028 1275 2053 sanctorum
1294 2022 1443 2064 exempla
1461 2033 1511 2053 res
1529 2021 1590 2053 sibi
1608 2022 1747 2053 creditas
1765 2021 2009 2063 dispensaverit.

369 2086 467 2116 seque
500 2074 540 2104 ab
572 2073 744 2105 inlecebris
773 2074 988 2105 mundialibus
1020 2082 1051 2105 et
1083 2075 1252 2106 incentivis
1278 2074 1462 2106 carnalibus
1487 2075 1691 2111 custodierit,
1723 2074 1764 2105 ad
1795 2086 1905 2105 eorum
1937 2086 2010 2105 con-

369 2128 501 2158 sortium
527 2139 560 2158 se
586 2128 746 2169 pertinere
771 2127 917 2158 dubitare
943 2140 1005 2159 non
1031 2129 1156 2170 poterit.
1202 2128 1235 2159 Si
1261 2133 1367 2159 autem
1393 2140 1484 2159 secus
1510 2128 1631 2161 fecerit,
1658 2139 1766 2159 corum
1792 2128 1952 2158 consortio
1978 2138 2010 2158 se

369 2180 534 2222 indignum
567 2180 635 2211 fore
667 2181 882 2222 pertimescat.
931 2180 1182 2212 Miserabiliores
1214 2181 1307 2223 plane
1341 2182 1464 2212 cunctis
1490 2181 1677 2213 mortalibus
1701 2180 1845 2211 nonnulli
1870 2181 2011 2211 existunt

369 2234 552 2274 pontifices,
585 2234 639 2275 qui
672 2234 703 2263 iu
735 2233 925 2264 brevissimo
958 2234 1051 2265 huius
1076 2234 1278 2265 mortalitatis
1303 2234 1488 2269 intervallo,
1522 2246 1597 2265 suae
1622 2234 1736 2265 misere
1758 2233 1940 2274 fragilitatis
1966 2233 2010 2263 in-

369 2298 536 2325 memores,
570 2286 932 2317 sacerdotalishonoris
965 2287 1102 2318 0011111110
1128 2287 1209 2318 ultra
1241 2293 1363 2318 maetas
1395 2287 1558 2325 subvecti,
1590 2298 1698 2318 amore
1731 2286 1842 2317 mundi
1874 2286 2010 2328 decepti,

369 2339 543 2381 eupiditate
569 2345 768 2371 terrenarum
792 2351 899 2371 rerum
924 2340 1042 2374 inlecti,
1074 2352 1131 2382 pro
1157 2340 1288 2371 caducis
1313 2347 1344 2371 et
1368 2341 1431 2372 cito
1456 2339 1768 2382 praeterlabentibus
1793 2339 1899 2379 rebus,
1932 2350 2011 2381 quas

476 2475 562 2498 XVII.
593 2477 607 2499 ἰ.)
629 2476 757 2499 tranferre
783 2476 807 2499 P.
883 2477 895 2498 -1
918 2474 1040 2507 primate]
1062 2476 1095 2499 ita
1117 2476 1143 2499 Γ.
1165 2475 1194 2499 P.
1269 2477 1283 2499 5
1305 2476 1440 2499 adhibitas
1462 2475 1486 2499 Γ.
1566 2476 1580 2499 6
1601 2476 1726 2498 ammisso
1748 2474 1773 2498 Γ.
1850 2476 1880 2498 14
1901 2475 2012 2498 dubium

368 2519 433 2542 deest
452 2519 477 2541 Γ.
555 2520 584 2542 1ss
607 2521 764 2550 symmacus
786 2520 811 2542 Γ.
872 2521 1016 2551 pei-pennis
1038 2520 1063 2544 Γ.
1139 2521 1170 2543 18
1191 2521 1398 2551 quanticumque
1420 2520 1445 2543 Γ.
1468 2520 1496 2543 P.
1571 2520 1603 2543 “20
1624 2519 1729 2550 publica
1752 2519 1777 2542 1⁷.
1852 2520 1882 2542 ⁴21
1906 2516 2011 2549 aliquis]

371 2563 498 2586 alicorum
522 2564 546 2587 Γ,
568 2563 716 2594 aliquorum
739 2563 767 2587 Ρ.
842 2561 959 2594 tueatur]
981 2568 1104 2588 teneatur
1125 2565 1150 2590 Γ.

476 2608 581 2630 XVIII.
611 2609 643 2631 28
665 2605 812 2638 l‘omerius]
834 2608 950 2640 Prosper
970 2608 999 2632 P.
1074 2610 1106 2632 39
1126 2608 1276 2639 flagilitatis
1297 2608 1322 2632 Γ.
1344 2608 1372 2631 P.
1447 2609 1479 2631 40
1500 2605 1610 2637 maetas]
1633 2608 1753 2639 lntelliye:
1773 2611 1854 2631 metas.

481 2724 507 2749 li
536 2724 583 2750 Ex
609 2724 768 2757 Sammachi
792 2724 904 2751 concilio
929 2724 1057 2751 Romano
1083 2726 1142 2752 509
1168 2734 1189 2751 0.
1208 2726 1243 2753 4,·
1274 2724 1372 2751 Jlansi
1394 2723 1472 2753 ῘἾΙΙ,
1492 2725 1559 2752 267.
1675 2724 1704 2755 2)
1731 2723 1778 2758 ij.
1804 2723 1930 2751 Iulianus
1956 2723 2011 2750 Po-

372 2777 480 2805 mvrsus,
510 2776 552 2803 lh:
578 2777 631 2803 rita
658 2777 869 2812 ‹·‹›tztc111pl«t[z·a
895 2777 929 2803 II
949 2787 970 2803 c.
991 2781 1024 2804 ft:
1051 2776 1122 2813 Opl).
1150 2777 1286 2813 Prosperi
1309 2787 1375 2813 opp.
1395 2778 1442 2805 32.

2032 696 2055 714 10

2031 963 2055 982 15

2031 1228 2056 1246 20

2030 1493 2055 1512 25

2031 1768 2056 1787 ³0

2031 2034 2056 2052 35

2031 2297 2057 2316 40

2032 2614 2057 2633 45
