2215 3052
398 97 478 128 VIII

397 194 546 241 beniqne
575 191 858 227 communicavit.
912 188 1163 238 Saqacitatem,
1205 201 1279 236 qua
1306 193 1458 234 praeter
1492 187 1583 222 alios
1619 187 1664 222 E.
1693 186 1818 224 Seclcel
1850 201 1883 224 v.
1913 189 1954 224 cl.
1987 202 2044 225 res

394 261 644 309 gravissimas,
691 258 818 306 quibus
860 263 1040 293 ornantur
1076 256 1278 300 Addenda,
1325 254 1541 299 enucleavit,
1587 255 1806 302 praedicare
1844 269 2042 305 numquam

398 328 556 363 desinam
595 339 708 374 'neque
736 331 967 373 praeteream
993 324 1196 360 Ricardum
1223 322 1396 359 Salomon
1423 335 1455 358 v.
1485 322 1531 366 d„
1569 323 1628 358 cui
1660 323 1943 360 concordantiae
1969 325 2042 360 edi-

398 392 532 431 tionum
564 394 744 437 debentur,
776 405 890 440 neque
916 392 1076 428 Illarium
1106 391 1304 427 Krammer
1329 403 1361 426 v.
1383 390 1429 434 d.,
1467 391 1529 438 qui
1556 403 1676 426 omnes
1709 391 1879 439 plaqulas
1903 405 2042 428 summa

397 475 474 497 cum
501 461 686 497 industria
714 461 962 508 perlustravit,
996 473 1109 508 neque
1135 459 1316 494 Kar-olum
1343 458 1496 493 Zeumer
1522 471 1554 493 v.
1584 458 1637 503 cl.,
1678 471 1747 506 quo
1784 461 1916 506 optimo
1953 460 2043 496 duce

398 530 588 576 codemque
605 529 710 564 liuius
732 527 975 564 Conciliorum
999 528 1163 563 sectionis
1190 532 1357 562 curatore
1381 526 1706 562 benevolentissimo
1734 518 1829 562 hanc
1852 527 2042 564 editionem

394 597 479 632 mihi
511 597 614 632 licuit
651 603 683 631 et
714 596 887 631 inchoare
920 602 952 631 et
978 595 1178 644 perficere:
1213 594 1296 630 huic
1324 607 1422 641 prae
1455 594 1605 642 reliquis
1640 607 1682 629 em
1718 595 1835 630 animi
1867 597 2042 631 sententia

392 665 531 712 'qratias
559 671 591 699 et
624 664 744 711 refero
774 670 806 699 et
831 677 854 699 a
881 664 1073 712 leqentibus
1106 663 1259 698 relatum
1294 663 1343 697 iri
1377 675 1495 709 spero.
1557 661 1702 697 Utinam
1736 663 1950 712 quicumque
1976 663 2042 699 hoc

395 746 492 780 opuS,
529 733 588 768 cui
616 745 688 779 per
725 731 912 767 duodecim
948 744 1063 767 annos
1089 731 1268 775 inservivi,
1306 729 1357 765 ad
1383 736 1541 765 eoetrema
1568 729 1746 766 Karolini
1772 731 1853 766 aevi
1880 737 2042 779 tempora

387 801 632 848 perducturus
668 807 731 844 est,
774 801 905 848 quique
944 799 1038 835 illud
1071 799 1123 835 ad
1153 798 1441 847 investigandam
1478 798 1681 839 historiam,
1728 798 1812 834 dum
1845 799 2041 835 indivisumv

394 869 625 905 Francorum
659 869 849 916 imperium
888 874 973 913 erat,
1008 867 1235 903 adhibiturus
1271 873 1327 911 est,
1365 867 1488 902 labore
1522 873 1643 902 nostro
1682 873 1868 915 tamquam
1893 867 2041 914 funda-

394 944 508 973 mento
537 951 611 973 non
631 950 787 984 prorsus
814 936 950 972 abiecto
976 942 1110 971 utatur.

496 1077 595 1112 Data
623 1076 850 1125 Reqiomonti
876 1088 991 1111 mense
1017 1075 1216 1110 Novembri
1243 1075 1357 1110 1908.

1319 1217 1565 1256 Albertus
1600 1216 1985 1266 Werminyhoff.
