2215 3052
190 1182 296 1202 eff-&Con
304 1182 322 1205 3,
329 1182 347 1201 6.

192 1448 270 1468 Manu.
281 1448 350 1472 10,40.

220 1614 246 1631 cr,
259 1612 306 1631 Act.
317 1613 348 1635 14,

246 1640 270 1657 10
278 1644 324 1662 sqq,

233 1777 254 1794 m
275 1777 306 1799 ιο,
317 1776 347 1795 26.

195 2273 306 2294 mmmm,
318 2274 351 2293 20.

372 109 435 138 496
841 108 892 135 44.
929 108 1147 136 CONCILIUM
1171 110 1396 137 PARISIENSE
1421 110 1457 136 A.
1479 109 1553 136 825.

371 218 463 235 ramus
487 218 554 235 sane
579 208 726 234 memorias
751 216 845 233 eorum
869 210 1011 241 tamquam
1036 210 1195 234 sanctorum
1218 208 1359 234 hominum
1383 208 1449 240 Dei,
1482 208 1530 242 qui
1560 217 1649 242 usque
1675 208 1711 234 ad
1734 211 1851 235 mortem
1876 216 2021 242 corporum

373 272 483 288 suorum
508 271 558 296 pro
583 261 702 287 veritate
729 263 884 293 certarunt,
909 263 941 286 ut
964 260 1157 287 innotesceret
1181 270 1249 287 vera
1272 260 1381 295 religio,
1407 261 1483 287 falsis
1500 260 1631 295 fietisque
1649 261 1799 293 convictis3
1826 261 1900 295 quod
1926 261 2020 293 etiam,

371 316 392 341 si
418 316 463 356 qui
489 318 574 340 antea
598 314 770 345 sentiebant,
803 314 927 340 timendo
958 313 1161 347 reprimebant.
1210 313 1279 344 Quis
1310 317 1404 340 autem
1435 314 1542 340 audivit
1573 314 1724 348 aliquando
1748 313 1874 340 fidelium
1897 317 2021 340 stantem

370 369 547 394 sacerdotem
572 367 606 393 ad
631 367 719 393 altare
746 367 830 393 etiam
854 376 939 400 super
962 369 1090 392 sanetum
1113 375 1213 401 corpus
1229 367 1358 401 martyris
1375 367 1411 393 ad
1428 367 1484 393 Dei
1500 367 1633 393 honorem
1650 367 1813 401 cultumque
1831 370 2020 393 constructum

370 422 462 447 dicero
495 421 521 446 in
553 420 700 454 precibus:
739 420 835 446 Offero
866 420 916 446 tibi
941 419 1115 450 sacrificium,
1148 420 1234 446 Petre
1266 420 1311 446 vel
1342 420 1431 446 Paule
1463 420 1509 446 vel
1541 419 1694 454 Cypriane,
1727 429 1789 446 cum
1819 420 1893 454 apud
1927 429 2020 446 eorum

369 474 513 499 menwrias
538 473 672 499 offeratur
696 474 770 506 Deo,
803 474 849 507 qui
882 482 929 499 eos
961 476 990 499 et
1021 473 1146 499 homines
1179 477 1208 499 et
1238 476 1376 507 martyres
1406 473 1476 499 fec-it
1509 476 1538 499 et
1562 473 1666 499 sanctis
1690 473 1747 498 suis
1771 473 1878 507 angelis
1903 473 2020 500 caelesti

369 528 471 552 honore
503 527 628 559 sociavit,
661 530 692 552 ut
724 536 758 553 ea
788 526 957 553 celebritate
984 530 1012 552 et
1036 527 1099 552 Deo
1130 535 1197 552 vero
1229 527 1264 553 de
1297 527 1405 552 illorum
1435 527 1557 553 victoriis
1589 527 1693 560 gratias
1718 535 1832 561 agamus
1858 530 1887 553 et
1911 535 1961 552 nos
1985 526 2021 552 ad

368 580 551 606 imitationem
576 580 673 606 talium
698 588 859 606 coronarum
891 584 977 614 atque
1009 580 1163 614 palmarum
1192 580 1291 606 eodem
1315 580 1444 605 invocato
1469 579 1496 605 in
1522 579 1654 605 auxilium
1680 588 1713 605 ex
1737 579 1847 605 illorum
1870 579 2019 606 memoriae

367 633 549 659 renovatione
574 633 776 660 adhortemur?
813 632 1014 667 Quaecumque
1039 633 1124 667 igitur
1148 633 1320 659 adhibentur
1343 632 1536 667 religiosorum
1560 632 1698 666 obsequia
1721 633 1748 658 in
1772 636 1925 667 martyrum
1940 632 2019 663 locis,

367 690 532 712 ornamenta
556 690 621 712 sunt
646 687 848 719 memoriarum,
873 695 927 712 non
953 695 1031 712 saera
1055 686 1101 712 vel
1125 685 1261 712 sacrificia
1285 689 1455 712 mortuorum
1480 689 1622 719 tamquam
1647 685 1772 711 deorum.

474 743 612 774 XLVII.
648 744 857 774 Hieronimus
882 743 923 774 ad
948 743 1114 784 Riparium
1143 742 1388 784 presbyterum:
1422 744 1579 781 Acceptisl
1603 747 1721 781 primum
1745 747 1849 774 litteris
1881 747 1936 773 tuis
1965 755 2021 773 non

366 802 538 836 respondere
564 802 714 836 superbiae
740 806 793 833 est,
825 802 997 835 respondere
1029 801 1209 827 temeritatis.
1257 800 1301 826 De
1326 800 1368 826 his
1394 801 1467 826 enim
1491 801 1576 826 rebus
1600 801 1768 835 interrogaS,
1802 809 1870 834 quas
1903 804 1931 826 et
1956 809 2019 834 pro-

368 855 441 881 ferre
474 858 502 881 et
533 855 630 881 audire
662 855 838 889 saerilegium
873 858 926 881 est.
981 854 1031 880 Ais
1057 853 1248 888 Vigilantium,
1286 853 1334 888 qui
1365 851 1485 881 K—ITA
1509 851 1797 881 ANTIOERACIN
1822 853 1874 880 hoo
1906 857 2022 879 vocatur

366 909 488 937 nomine,
514 917 577 934 nam
601 909 805 934 Dormitantius
830 909 934 933 rectius
959 908 1112 938 diceretur,
1137 915 1166 932 os
1190 907 1330 933 faetidum
1354 916 1449 932 rursus
1473 907 1583 941 aperire
1609 910 1638 933 et
1663 910 1791 941 putorem
1816 907 2022 941 spurcissimum

368 966 466 987 eontra
489 966 646 987 sanctorum
673 965 822 995 martyrum
847 961 973 995 proferre
999 960 1133 994 reliquias
1158 963 1187 986 et
1212 969 1271 992 1105,
1298 960 1345 994 qui
1371 969 1417 986 eas
1442 961 1626 994 suscepimus,
1653 960 1797 994 appellare
1816 960 1966 986 cinerarios
1992 963 2020 986 et

368 1014 511 1043 idolatras.
544 1015 591 1049 qui
623 1018 792 1040 mortuorum
823 1015 962 1040 hominum
995 1023 1057 1040 ossa
1081 1022 1258 1040 veneramur.
1308 1013 1330 1039 O
1356 1013 1498 1040 infelicem
1530 1013 1669 1040 hominem
1696 1017 1724 1039 et
1748 1013 1821 1039 omni
1846 1013 2020 1039 lacrimarum

368 1068 446 1094 fonte
472 1068 673 1102 plangendum,
703 1068 751 1102 qui
781 1067 850 1094 haee
882 1068 978 1093 dicens
1010 1076 1065 1092 non
1096 1076 1125 1093 se
1151 1066 1286 1101 intelligit
1311 1075 1372 1093 esse
1398 1066 1563 1093 Samaritam
1595 1070 1624 1092 et
1649 1066 1796 1098 Iudaeum,
1828 1066 1875 1100 qui
1906 1075 2022 1100 corpora

369 1125 536 1147 mortuorum
566 1130 615 1155 pro
639 1121 779 1147 inmundis
803 1121 909 1147 habent
936 1124 963 1146 et
990 1121 1074 1146 etiam
1098 1129 1174 1149 vasa,
1200 1129 1272 1154 quae
1298 1120 1326 1146 in
1351 1120 1451 1146 eadem
1475 1120 1556 1146 domo
1580 1120 1696 1152 fuerint,
1723 1120 1809 1154 pollui
1834 1120 2021 1154 suspicantur.

369 1178 522 1208 sequentes
554 1175 731 1200 occidentem
763 1174 887 1200 litteram
921 1178 948 1200 et
980 1182 1035 1199 non
1066 1173 1194 1207 spiritum
1223 1172 1422 1199 vivificantem.
1478 1173 1534 1199 Nos
1567 1177 1661 1200 autem
1692 1182 1747 1199 non
1777 1173 1839 1199 dico
1870 1176 2021 1208 martyrum

368 1227 512 1261 reliquias,
546 1228 595 1253 sed
627 1237 662 1253 ne
694 1227 781 1253 solem
812 1228 925 1261 quidem
960 1231 988 1252 et
1018 1227 1122 1253 lunam.
1154 1236 1210 1253 non
1241 1226 1366 1261 angelos,
1397 1235 1452 1253 non
1477 1226 1670 1261 archangelos,
1702 1235 1756 1252 non
1781 1226 1938 1260 Seraphim.
1967 1234 2021 1252 non

370 1280 520 1307 Cherubim
544 1285 573 1307 et
589 1290 670 1307 omne
696 1290 805 1312 nomen,
833 1281 907 1315 quod
933 1281 1092 1306 nominatur
1117 1284 1145 1305 et
1171 1281 1199 1305 in
1222 1280 1367 1314 praesenti
1392 1280 1505 1306 saeculo
1530 1283 1559 1306 et
1583 1280 1610 1305 in
1635 1279 1740 1311 futuro,
1766 1280 1879 1305 colimus
1905 1283 1932 1305 et
1953 1280 2021 1305 ado-

369 1343 470 1366 ramus,
496 1343 531 1360 ne
556 1334 709 1360 serviamus
735 1338 882 1360 creaturae
908 1334 1001 1368 potius
1027 1343 1108 1367 quam
1133 1333 1264 1365 creatori,
1291 1333 1337 1367 qui
1364 1336 1407 1359 est
1430 1333 1599 1359 benedictus
1624 1333 1651 1358 in
1675 1333 1798 1359 saecula.
1846 1333 2022 1359 Honoramus

369 1391 463 1414 autem
488 1387 620 1421 reliquias
646 1392 806 1421 martyrum,
831 1391 861 1413 ut
889 1397 962 1419 eum,
987 1387 1066 1412 vuius
1090 1390 1155 1412 suut
1180 1390 1328 1421 martyres,
1357 1387 1521 1417 adoremus,
1553 1386 1719 1412 honoramus
1743 1395 1848 1413 servos.
1880 1390 1911 1412 ut
1935 1386 2023 1412 honor

370 1450 511 1467 servorum
536 1441 678 1467 redundet
703 1442 737 1467 ad
763 1441 922 1472 Dominum,
948 1441 1008 1475 quit
1034 1441 1088 1466 ait:
1117 1439 1174 1470 Qui
1198 1449 1244 1466 vos
1267 1439 1382 1475 suscipit
1404 1449 1446 1465 me
1468 1439 1590 1475 suscipit.

477 1498 632 1528 XLVIII.
670 1498 751 1529 Item
776 1499 844 1539 ipse
870 1498 1026 1528 adversus
1049 1497 1276 1539 Vigilantium:
1310 1500 1401 1532 Quis?
1432 1502 1514 1533 enim,
1547 1511 1562 1528 o
1587 1502 1712 1527 insanum
1745 1504 1840 1535 eaput,
1871 1501 2022 1536 aliquando

369 1560 506 1591 martyres
531 1556 679 1583 adoravit?
728 1556 796 1586 Quis
827 1556 966 1582 hominem
997 1556 1107 1590 putavit
1132 1556 1246 1581 Deum?
1295 1556 1395 1581 Nonne
1420 1555 1524 1581 Paulus
1557 1558 1585 1581 et
1611 1555 1765 1587 Barnabas,
1796 1564 1857 1581 eum
1882 1564 1898 1581 a
1922 1555 2020 1581 Lieao-

369 1610 450 1636 nibus
474 1610 603 1644 Iuppiter
629 1613 656 1635 et
676 1610 830 1635 Mercurius
855 1613 1024 1643 putarentur
1049 1613 1078 1635 et
1104 1609 1143 1635 eis
1168 1609 1276 1635 vellent
1300 1609 1404 1635 hostias
1429 1608 1582 1640 immolare,
1609 1609 1754 1634 sciderunt
1778 1608 1948 1635 vestimenta
1972 1617 2022 1634 sua

371 1667 399 1689 et
424 1672 453 1689 se
478 1663 604 1689 homines
630 1672 690 1688 esse
723 1663 864 1695 dixerunt,
896 1672 951 1689 non
983 1671 1037 1696 quo
1062 1662 1190 1688 meliores
1214 1672 1269 1687 nou
1296 1665 1391 1688 essent
1423 1662 1485 1687 olim
1518 1662 1634 1688 mortuis
1658 1661 1814 1687 hominibus
1843 1661 1909 1688 Iove
1935 1666 2021 1696 atque

371 1717 518 1748 Mercurio,
551 1717 602 1741 sed
634 1725 688 1750 quo
713 1716 763 1741 suh
789 1716 957 1750 gentilitatis
983 1724 1075 1741 errore
1100 1716 1187 1741 honor
1212 1716 1251 1741 eis
1276 1716 1338 1741 Deo
1363 1715 1476 1741 debitus
1503 1715 1674 1747 deferretur,
1708 1715 1782 1749 quod
1816 1718 1843 1741 et
1875 1715 1910 1741 de
1935 1715 2021 1741 Petro

369 1770 497 1804 legimus,
530 1770 576 1803 qui
609 1769 768 1796 Cornelium
799 1779 829 1795 se
861 1770 976 1795 adorare
1009 1769 1171 1803 eapientem
1203 1777 1285 1794 manu
1316 1769 1474 1794 sublevavit
1508 1772 1536 1793 et
1568 1769 1653 1794 dixit:
1694 1768 1800 1804 Νιινφη
1831 1778 1896 1794 nam
1926 1772 1950 1794 et
1974 1777 2022 1805 (¹90

370 1823 448 1850 homo
471 1833 541 1850 sttui.

477 1880 648 1911 XLVIIII.
686 1880 886 1922 Augustinus
919 1880 951 1910 in
982 1879 1090 1910 libello
1123 1879 1162 1910 de
1196 1879 1353 1910 solutione
1386 1879 1610 1921 quaestionum
1637 1880 1742 1920 eapite
1768 1879 1844 1909 III.:
1878 1884 1999 1910 Proinde
2011 1882 2022 1897 ³

370 1939 438 1964 sieut
465 1939 549 1972 impia
573 1939 706 1972 superbia
729 1939 787 1964 sive
812 1938 952 1964 hominum
977 1938 1035 1964 sive
1061 1939 1226 1964 daemonum
1251 1938 1302 1963 sibi
1327 1937 1377 1963 hos
1402 1937 1509 1963 divinos
1534 1937 1653 1963 honores
1676 1937 1801 1963 exhiberi
1818 1937 1863 1963 vel
1881 1937 1958 1963 iubet
1976 1937 2021 1963 vel

370 1992 457 2026 rupit,
491 1992 530 2017 ita
554 1992 599 2025 pia
623 1991 764 2017 humilitas
789 1992 834 2017 vel
859 1991 999 2017 hominum
1024 1991 1068 2017 vel
1093 1991 1256 2025 angelorum
1281 1994 1439 2016 sant-torum
1467 1991 1536 2016 hae(-
1561 1991 1614 2016 sibi
1638 1990 1734 2016 oblata
1759 1990 1898 2016 recusavit
1924 1994 1952 2016 et
1978 1991 2021 2016 cui

370 2046 543 2071 deberentur
567 2045 700 2071 ostendit.

476 2103 511 2133 L.
550 2102 587 2132 In
605 2102 686 2133 libro
705 2102 847 2132 XVIIII.
866 2102 905 2132 de
924 2102 1054 2133 ciVItate
1072 2102 1136 2132 Dei
1157 2101 1235 2132 dicit
1252 2101 1470 2143 AugustInus:
1497 2104 1575 2132 Sed4
1593 2106 1671 2132 Deus
1687 2106 1746 2137 ille,
1773 2114 1856 2139 quem
1873 2105 2020 2132 coluerunt

370 2161 514 2195 sapientes
539 2161 745 2193 Heln-aeorum,
772 2161 855 2186 etiam
880 2160 1051 2186 caelestibus
1076 2160 1179 2185 sanetis
1204 2160 1312 2194 angelis
1338 2163 1366 2184 et
1391 2159 1541 2185 virtutibus
1566 2159 1631 2191 Dei,
1657 2168 1726 2193 quos
1751 2159 1926 2185 beatissimos
1951 2162 2020 2185 tam-

372 2223 453 2248 quam
478 2214 552 2239 cives
577 2214 605 2239 in
629 2214 679 2240 hae
705 2218 800 2240 nostra
823 2214 1052 2248 peregrinatione
1078 2214 1186 2239 mortali
1212 2222 1379 2239 veneramur
1404 2216 1432 2239 et
1457 2222 1590 2245 amamus,
1622 2212 1770 2239 sacrificari
1799 2216 1878 2238 vetat
1904 2216 1933 2238 et
1957 2213 2021 2240 eoli.

372 2267 500 2293 intonans
524 2268 551 2292 in
576 2267 640 2301 lege
666 2277 730 2293 sua:
759 2266 935 2304 Sar·r{sicans
959 2266 1012 2293 diis
1036 2266 1235 2293 eradicabitur.

478 2389 586 2412 XLVII.
621 2390 647 2412 11
670 2387 811 2421 Acceptis]
834 2390 910 2413 Hier.
931 2389 956 2412 in
979 2397 1054 2419 marn.
1076 2388 1105 2411 Γ.
1177 2389 1208 2412 1‘2
1229 2386 1304 2420 quas]
1324 2396 1393 2419 quae
1414 2388 1444 2411 P.
1510 2388 1541 2411 18
1561 2384 1668 2417 suerint]
1688 2387 1790 2410 ruerint
1813 2386 1840 2410 P.
1897 2388 1929 2411 23
1951 2385 2020 2418 eum]

372 2434 428 2456 eius
450 2433 478 2456 Γ.

478 2477 605 2500 XLVIII.
637 2479 668 2501 25
690 2475 766 2508 Quis]
788 2478 862 2501 Hier.
884 2478 910 2501 ῐιι
929 2486 1006 2508 marff.
1028 2477 1056 2500 P.
1132 2478 1164 2501 26
1186 2485 1199 2500 a
1219 2477 1284 2501 deest
1304 2477 1333 2501 P.

479 2522 619 2545 XLVIIII.
650 2523 681 2545 :32
702 2520 828 2553 Proinde]
850 2523 919 2553 Aug.
940 2522 967 2545 in
987 2530 1063 2551 mary.
1085 2522 1114 2545 l’.

479 2566 508 2591 L.
538 2566 570 2589 36
591 2564 653 2596 sod]
675 2568 741 2596 Aug.
763 2567 787 2590 in
807 2575 885 2597 marjy.
907 2566 936 2589 P.

2042 691 2067 710 10

2042 968 2067 987 15

2041 1507 2068 1526 25

2041 1777 2068 1795 30

2042 2049 2067 2068 35

2039 2392 2068 2411 -10

484 2670 510 2709 1)
538 2674 733 2708 IIierngsmusv
761 2674 891 2710 Epistola
917 2676 973 2703 109
997 2675 1038 2701 ad
1060 2674 1228 2710 Riparicmm
1261 2673 1333 2711 Opp.
1360 2674 1382 2707 I,
1401 2674 1466 2702 719.
1576 2669 1605 2704 2)
1630 2673 1829 2709 Hieronymus,
1862 2673 1946 2701 Liber
1969 2674 2020 2700 ad-
2038 2682 2065 2701 45

374 2736 469 2753 versus
492 2726 669 2763 Vz'yilantium
694 2723 716 2763 ,ξ’
732 2729 767 2756 5,-
801 2727 872 2763 Opp.
898 2727 937 2761 JI,
955 2729 1020 2756 391.
1137 2722 1166 2761 3)
1191 2727 1256 2753 Nem
1281 2726 1382 2754 inveni.
1499 2726 1529 2757 4)
1555 2726 1733 2763 Aayuslinus,
1767 2726 1810 2753 De
1834 2726 1942 2754 civitate
1966 2727 2023 2754 Dm?

375 2779 453 2806 XIX
472 2789 494 2806 c.
511 2780 551 2807 23
574 2775 597 2816 ἕ
612 2781 647 2811 4,·
680 2779 751 2816 Opp.
778 2780 838 2813 ΓΠ,
856 2781 923 2808 569.
